@book{kokoska1999,
	title={CRC standard probability and statistics tables and formulae},
	author={Kokoska, Stephen and Zwillinger, Daniel},
	year={1999},
	publisher={Crc Press}
}

@ARTICLE{2015A&A...577A..21C,
   author = {{Cair{\'o}s}, L.~M. and {Caon}, N. and {Weilbacher}, P.~M.},
    title = "{VIMOS integral field spectroscopy of blue compact galaxies. I. Morphological properties, diagnostic emission-line ratios, and kinematics}",
  journal = {\aap},
 keywords = {galaxies: dwarf, galaxies: starburst, galaxies: kinematics and dynamics},
     year = 2015,
    month = may,
   volume = 577,
      eid = {A21},
    pages = {A21},
      doi = {10.1051/0004-6361/201322518},
   adsurl = {http://adsabs.harvard.edu/abs/2015A%26A...577A..21C},
  adsnote = {Provided by the SAO/NASA Astrophysics Data System}
}

@ARTICLE{2009A&A...493..871S,
   author = {{Swaters}, R.~A. and {Sancisi}, R. and {van Albada}, T.~S. and 
	{van der Hulst}, J.~M.},
    title = "{The rotation curves shapes of late-type dwarf galaxies}",
  journal = {\aap},
archivePrefix = "arXiv",
   eprint = {0901.4222},
 primaryClass = "astro-ph.CO",
 keywords = {surveys, galaxies: dwarf, galaxies: irregular, galaxies: kinematics and dynamics},
     year = 2009,
    month = jan,
   volume = 493,
    pages = {871-892},
      doi = {10.1051/0004-6361:200810516},
   adsurl = {http://adsabs.harvard.edu/abs/2009A%26A...493..871S},
  adsnote = {Provided by the SAO/NASA Astrophysics Data System}
}

@ARTICLE{2017A&A...600A.125C,
   author = {{Cair{\'o}s}, L.~M. and {Gonz{\'a}lez-P{\'e}rez}, J.~N.},
    title = "{Integral field observations of the blue compact galaxy Haro14. Star formation and feedback in dwarf galaxies}",
  journal = {\aap},
archivePrefix = "arXiv",
   eprint = {1703.04672},
 keywords = {galaxies: abundances, galaxies: individual: Haro14, galaxies: dwarf, galaxies: ISM, galaxies: star formation, galaxies: stellar content},
     year = 2017,
    month = apr,
   volume = 600,
      eid = {A125},
    pages = {A125},
      doi = {10.1051/0004-6361/201629681},
   adsurl = {http://adsabs.harvard.edu/abs/2017A%26A...600A.125C},
  adsnote = {Provided by the SAO/NASA Astrophysics Data System}
}

@ARTICLE{Prescott14,
   author = {{Prescott}, M.~K.~M. and {Martin}, C.~L. and {Dey}, A.},
    title = "{Spatially Resolved Gas Kinematics within a Ly{$\alpha$} Nebula: Evidence for Large-scale Rotation}",
  journal = {\apj},
archivePrefix = "arXiv",
   eprint = {1411.2589},
 keywords = {galaxies: evolution, galaxies: formation, galaxies: high-redshift},
     year = 2015,
    month = jan,
   volume = 799,
      eid = {62},
    pages = {62},
      doi = {10.1088/0004-637X/799/1/62},
   adsurl = {http://adsabs.harvard.edu/abs/2015ApJ...799...62P},
  adsnote = {Provided by the SAO/NASA Astrophysics Data System}
}

@ARTICLE{LymanBio,
   author = {{Bridgman}, P.~W.},
    title = "{Theodore Lyman: A Biographical Memoir}",
  journal = {National Academy of Sciences},
     year = 1957
}

@ARTICLE{McLinden2011,
   author = {{McLinden}, E.~M. and {Finkelstein}, S.~L. and {Rhoads}, J.~E. and 
	{Malhotra}, S. and {Hibon}, P. and {Richardson}, M.~L.~A. and 
	{Cresci}, G. and {Quirrenbach}, A. and {Pasquali}, A. and {Bian}, F. and 
	{Fan}, X. and {Woodward}, C.~E.},
    title = "{First Spectroscopic Measurements of [O III] Emission from Ly{$\alpha$} Selected Field Galaxies at z \~{} 3.1}",
  journal = {\apj},
archivePrefix = "arXiv",
   eprint = {1006.1895},
 keywords = {galaxies: high-redshift, intergalactic medium},
     year = 2011,
    month = apr,
   volume = 730,
      eid = {136},
    pages = {136},
      doi = {10.1088/0004-637X/730/2/136},
   adsurl = {http://adsabs.harvard.edu/abs/2011ApJ...730..136M},
  adsnote = {Provided by the SAO/NASA Astrophysics Data System}
}

@BOOK{Ryden2010,
	author = {{Ryden},B. and {Peterson},B.~M.},
	title = "{Foundations of Astrophysics.}",
	booktitle = {Ohio State University,  Addison-Wesley, 2010.},
	year = 2010
}

@BOOK{Chandrasekhar1950,
	author = {{Chandrasekhar}, S.},
	title = "{Radiative transfer.}",
	keywords = {ASTROPHYSICS, RADIATIVE TRANSFER},
	booktitle = {Oxford, Clarendon Press, 1950.},
	year = 1950,
	adsurl = {http://adsabs.harvard.edu/abs/1950ratr.book.....C},
	adsnote = {Provided by the SAO/NASA Astrophysics Data System}
}

@ARTICLE{Rivera-Thorsen2015,
	author = {{Rivera-Thorsen}, T.~E. and {Hayes}, M. and {{\"O}stlin}, G. and 
	{Duval}, F. and {Orlitov{\'a}}, I. and {Verhamme}, A. and {Mas-Hesse}, J.~M. and 
	{Schaerer}, D. and {Cannon}, J.~M. and {Ot{\'{\i}}-Floranes}, H. and 
	{Sandberg}, A. and {Guaita}, L. and {Adamo}, A. and {Atek}, H. and 
	{Herenz}, E.~C. and {Kunth}, D. and {Laursen}, P. and {Melinder}, J.
	},
	title = "{The Lyman Alpha Reference Sample. V. The Impact of Neutral ISM Kinematics and Geometry on Ly{$\alpha$} Escape}",
	journal = {ApJ},
	archivePrefix = "arXiv",
	eprint = {1503.01157},
	keywords = {cosmology: observations, galaxies: ISM, galaxies: kinematics and dynamics, galaxies: starburst},
	year = 2015,
	month = may,
	volume = 805,
	eid = {14},
	pages = {14},
	doi = {10.1088/0004-637X/805/1/14},
	adsurl = {http://adsabs.harvard.edu/abs/2015ApJ...805...14R},
	adsnote = {Provided by the SAO/NASA Astrophysics Data System}
}

@ARTICLE{Gronke2015,
	author = {{Gronke}, M. and {Bull}, P. and {Dijkstra}, M.},
	title = "{A Systematic Study of Lyman-{$\alpha$} Transfer through Outflowing Shells: Model Parameter Estimation}",
	journal = {ApJ},
	archivePrefix = "arXiv",
	eprint = {1506.03836},
	keywords = {galaxies: high-redshift, galaxies: ISM, ISM: clouds, line: formation, radiative transfer, scattering},
	year = 2015,
	month = oct,
	volume = 812,
	eid = {123},
	pages = {123},
	doi = {10.1088/0004-637X/812/2/123},
	adsurl = {http://adsabs.harvard.edu/abs/2015ApJ...812..123G},
	adsnote = {Provided by the SAO/NASA Astrophysics Data System}
}

@ARTICLE{Hashimoto2015,
   author = {{Hashimoto}, T. and {Verhamme}, A. and {Ouchi}, M. and {Shimasaku}, K. and 
	{Schaerer}, D. and {Nakajima}, K. and {Shibuya}, T. and {Rauch}, M. and 
	{Ono}, Y. and {Goto}, R.},
    title = "{A Close Comparison between Observed and Modeled Ly{$\alpha$} Lines for z \~{} 2.2 Ly{$\alpha$} Emitters}",
  journal = {ApJ},
archivePrefix = "arXiv",
   eprint = {1504.03693},
 keywords = {galaxies: high-redshift, galaxies: ISM, line: profiles, radiative transfer},
     year = 2015,
    month = oct,
   volume = 812,
      eid = {157},
    pages = {157},
      doi = {10.1088/0004-637X/812/2/157},
   adsurl = {http://adsabs.harvard.edu/abs/2015ApJ...812..157H},
  adsnote = {Provided by the SAO/NASA Astrophysics Data System}
}

@ARTICLE{Williams2014,
   author = {{Williams}, R.~J. and {Wagg}, J. and {Maiolino}, R. and {Foster}, C. and 
	{Aravena}, M. and {Wiklind}, T. and {Carilli}, C.~L. and {McMahon}, R.~G. and 
	{Riechers}, D. and {Walter}, F.},
    title = "{Constraining the nature of two Ly{$\alpha$} emitters detected by ALMA at z = 4.7}",
  journal = {MNRAS},
archivePrefix = "arXiv",
   eprint = {1401.3791},
 keywords = {galaxies: formation, galaxies: high-redshift, galaxies: star formation},
     year = 2014,
    month = apr,
   volume = 439,
    pages = {2096-2101},
      doi = {10.1093/mnras/stu119},
   adsurl = {http://adsabs.harvard.edu/abs/2014MNRAS.439.2096W},
  adsnote = {Provided by the SAO/NASA Astrophysics Data System}
}

@ARTICLE{Martin2015,
   author = {{Martin}, C.~L. and {Dijkstra}, M. and {Henry}, A. and {Soto}, K.~T. and 
	{Danforth}, C.~W. and {Wong}, J.},
    title = "{The Ly{$\alpha$} Line Profiles of Ultraluminous Infrared Galaxies: Fast Winds and Lyman Continuum Leakage}",
  journal = {ApJ},
archivePrefix = "arXiv",
   eprint = {1501.05946},
 keywords = {galaxies: evolution, hydrodynamics, instabilities, line: profiles, radiative transfer},
     year = 2015,
    month = apr,
   volume = 803,
      eid = {6},
    pages = {6},
      doi = {10.1088/0004-637X/803/1/6},
   adsurl = {http://adsabs.harvard.edu/abs/2015ApJ...803....6M},
  adsnote = {Provided by the SAO/NASA Astrophysics Data System}
}

@ARTICLE{Chung2015,
   author = {{Chung}, A.~S. and {Dijkstra}, M. and {Ciardi}, B. and {Gronke}, M.},
    title = "{Blue Wings and Bumps via Fermi-like Acceleration of Lyman-alpha photons across Shocks}",
  journal = {ArXiv e-prints},
archivePrefix = "arXiv",
   eprint = {1509.07364},
 keywords = {Astrophysics - Astrophysics of Galaxies},
     year = 2015,
    month = sep,
   adsurl = {http://adsabs.harvard.edu/abs/2015arXiv150907364C},
  adsnote = {Provided by the SAO/NASA Astrophysics Data System}
}

@ARTICLE{Fumagalli2015,
   author = {{Fumagalli}, M. and {O'Meara}, J.~M. and {Prochaska}, J.~X. and {Rafelski}, M. and {Kanekar}, N.},
    title = "{Directly imaging damped Ly {$\alpha$} galaxies at z {$\gt$} 2 - III. The star formation rates of neutral gas reservoirs at z {$\tilde$} 2.7}",
  journal = {MNRAS},
archivePrefix = "arXiv",
   eprint = {1409.2880},
 keywords = {stars: formation, ISM: atoms, galaxies: evolution, galaxies: high-redshift, quasars: absorption lines, ultraviolet: galaxies},
     year = 2015,
    month = jan,
   volume = 446,
    pages = {3178-3198},
      doi = {10.1093/mnras/stu2325},
   adsurl = {http://adsabs.harvard.edu/abs/2015MNRAS.446.3178F},
  adsnote = {Provided by the SAO/NASA Astrophysics Data System}
}

@ARTICLE{Faisst2014,
   author = {{Faisst}, A.~L. and {Capak}, P. and {Carollo}, C.~M. and {Scarlata}, C. and {Scoville}, N.},
    title = "{Spectroscopic Observation of Ly{$\alpha$} Emitters at z \~{} 7.7 and Implications on Re-ionization}",
  journal = {ApJ},
archivePrefix = "arXiv",
   eprint = {1402.3604},
 keywords = {cosmology: observations, dark ages, reionization, first stars, galaxies: formation, galaxies: high-redshift, line: identification},
     year = 2014,
    month = jun,
   volume = 788,
      eid = {87},
    pages = {87},
      doi = {10.1088/0004-637X/788/1/87},
   adsurl = {http://adsabs.harvard.edu/abs/2014ApJ...788...87F},
  adsnote = {Provided by the SAO/NASA Astrophysics Data System}
}

@ARTICLE{Hayes2014,
   author = {{Hayes}, M. and {{\"O}stlin}, G. and {Duval}, F. and {Sandberg}, A. and 
	{Guaita}, L. and {Melinder}, J. and {Adamo}, A. and {Schaerer}, D. and 
	{Verhamme}, A. and {Orlitov{\'a}}, I. and {Mas-Hesse}, J.~M. and 
	{Cannon}, J.~M. and {Atek}, H. and {Kunth}, D. and {Laursen}, P. and 
	{Ot{\'{\i}}-Floranes}, H. and {Pardy}, S. and {Rivera-Thorsen}, T. and 
	{Herenz}, E.~C.},
    title = "{The Lyman Alpha Reference Sample. II. Hubble Space Telescope Imaging Results, Integrated Properties, and Trends}",
  journal = {ApJ},
archivePrefix = "arXiv",
   eprint = {1308.6578},
 keywords = {cosmology: observations, galaxies: starburst},
     year = 2014,
    month = feb,
   volume = 782,
      eid = {6},
    pages = {6},
      doi = {10.1088/0004-637X/782/1/6},
   adsurl = {http://adsabs.harvard.edu/abs/2014ApJ...782....6H},
  adsnote = {Provided by the SAO/NASA Astrophysics Data System}
}

%los que busco mc hacia arriba

@ARTICLE{Narayanan2012,
   author = {{Narayanan}, D. and {Bothwell}, M. and {Dav{\'e}}, R.},
    title = "{Galaxy gas fractions at high redshift: the tension between observations and cosmological simulations}",
  journal = {MNRAS},
archivePrefix = "arXiv",
   eprint = {1209.0771},
 primaryClass = "astro-ph.CO",
 keywords = {ISM: molecules, galaxies: formation, galaxies: high-redshift, galaxies: ISM, galaxies: starburst},
     year = 2012,
    month = oct,
   volume = 426,
    pages = {1178-1184},
      doi = {10.1111/j.1365-2966.2012.21893.x},
   adsurl = {http://adsabs.harvard.edu/abs/2012MNRAS.426.1178N},
  adsnote = {Provided by the SAO/NASA Astrophysics Data System}
}
@ARTICLE{Planck2015,
   author = {{Planck Collaboration} and {Ade}, P.~A.~R. and {Aghanim}, N. and 
	{Arnaud}, M. and {Ashdown}, M. and {Aumont}, J. and {Baccigalupi}, C. and 
	{Banday}, A.~J. and {Barreiro}, R.~B. and {Bartlett}, J.~G. and et al.},
    title = "{Planck 2015 results. XIII. Cosmological parameters}",
  journal = {ArXiv e-prints},
archivePrefix = "arXiv",
   eprint = {1502.01589},
 keywords = {Astrophysics - Cosmology and Nongalactic Astrophysics},
     year = 2015,
    month = feb,
   adsurl = {http://adsabs.harvard.edu/abs/2015arXiv150201589P},
  adsnote = {Provided by the SAO/NASA Astrophysics Data System}
}

@ARTICLE{WalkerSoler2012,
   author = {{Walker-Soler}, J.~P. and {Gawiser}, E. and {Bond}, N.~A. and 
	{Padilla}, N. and {Francke}, H.},
    title = "{Present-day Descendants of z = 3 Ly{$\alpha$}-emitting Galaxies in the Millennium-II Halo Merger Trees}",
  journal = {ApJ},
archivePrefix = "arXiv",
   eprint = {1204.1368},
 primaryClass = "astro-ph.CO",
 keywords = {galaxies: evolution, galaxies: formation, galaxies: high-redshift, large-scale structure of Universe},
     year = 2012,
    month = jun,
   volume = 752,
      eid = {160},
    pages = {160},
      doi = {10.1088/0004-637X/752/2/160},
   adsurl = {http://adsabs.harvard.edu/abs/2012ApJ...752..160W},
  adsnote = {Provided by the SAO/NASA Astrophysics Data System}
}


@ARTICLE{Max,
   author = {{Gronke}, M. and {Dijkstra}, M. and {Trenti}, M. and {Wyithe}, S.
	},
    title = "{Connecting Faint End Slopes of the Lyman-{$\alpha$} emitter and Lyman-break Galaxy Luminosity Functions}",
  journal = {ArXiv e-prints},
archivePrefix = "arXiv",
   eprint = {1502.00022},
 keywords = {Astrophysics - Cosmology and Nongalactic Astrophysics, Astrophysics - Astrophysics of Galaxies},
     year = 2015,
    month = jan,
   adsurl = {http://adsabs.harvard.edu/abs/2015arXiv150200022G},
  adsnote = {Provided by the SAO/NASA Astrophysics Data System}
}

@INPROCEEDINGS{DjorgovskiThompson,
   author = {{Djorgovski}, S. and {Thompson}, D.~J.},
    title = "{Searches for Primeval Galaxies}",
booktitle = {The Stellar Populations of Galaxies},
     year = 1992,
   series = {IAU Symposium},
   volume = 149,
   editor = {{Barbuy}, B. and {Renzini}, A.},
    pages = {337},
   adsurl = {http://adsabs.harvard.edu/abs/1992IAUS..149..337D},
  adsnote = {Provided by the SAO/NASA Astrophysics Data System}
}

@ARTICLE{Ostlin14,
   author = {{{\"O}stlin}, G. and {Hayes}, M. and {Duval}, F. and {Sandberg}, A. and
	{Rivera-Thorsen}, T. and {Marquart}, T. and {Orlitova}, I. and
	{Adamo}, A. and {Melinder}, J. and {Guaita}, L. and {Atek}, H. and
	{Cannon}, J.~M. and {Gruyters}, P. and {Herenz}, E.~C. and {Kunth}, D. and
	{Laursen}, P. and {Mas-Hesse}, J.~M. and {Micheva}, G. and {Pardy}, H.~O.-F.~S.~A. and
	{Roth}, M.~M. and {Schaerer}, D. and {Verhamme}, A.},
    title = "{The Lyman-alpha Reference Sample: I. Survey outline and first results for Markarian 259}",
  journal = {ArXiv e-prints},
archivePrefix = "arXiv",
   eprint = {1409.8347},
 keywords = {Astrophysics - Astrophysics of Galaxies, 85-05},
     year = 2014,
    month = sep,
   adsurl = {http://adsabs.harvard.edu/abs/2014arXiv1409.8347O},
  adsnote = {Provided by the SAO/NASA Astrophysics Data System}
}


@ARTICLE{Garavito14,
   author = {{Garavito-Camargo}, J.~N. and {Forero-Romero}, J.~E. and {Dijkstra}, M.},
    title = "{The Impact of Gas Bulk Rotation on the Ly{$\alpha$} Line}",
  journal = {ApJ},
archivePrefix = "arXiv",
   eprint = {1408.2561},
 keywords = {galaxies: high-redshift, line: formation, methods: numerical, radiative transfer },
     year = 2014,
    month = nov,
   volume = 795,
      eid = {120},
    pages = {120},
      doi = {10.1088/0004-637X/795/2/120},
   adsurl = {http://adsabs.harvard.edu/abs/2014ApJ...795..120G},
  adsnote = {Provided by the SAO/NASA Astrophysics Data System}
}

@ARTICLE{2014arXiv1404.2958V,
   author = {{Verhamme}, A. and {Orlitova}, I. and {Schaerer}, D. and {Hayes}, M.
	},
    title = "{On the use of Lyman-alpha to detect Lyman continuum leaking galaxies}",
  journal = {ArXiv e-prints},
archivePrefix = "arXiv",
   eprint = {1404.2958},
 keywords = {Astrophysics - Astrophysics of Galaxies},
     year = 2014,
    month = apr,
   adsurl = {http://adsabs.harvard.edu/abs/2014arXiv1404.2958V},
  adsnote = {Provided by the SAO/NASA Astrophysics Data System}
}

@ARTICLE{Chonis2013,
   author = {{Chonis}, T.~S. and {Blanc}, G.~A. and {Hill}, G.~J. and {Adams}, J.~J. and
	{Finkelstein}, S.~L. and {Gebhardt}, K. and {Kollmeier}, J.~A. and
	{Ciardullo}, R. and {Drory}, N. and {Gronwall}, C. and {Hagen}, A. and
	{Overzier}, R.~A. and {Song}, M. and {Zeimann}, G.~R.},
    title = "{The Spectrally Resolved Ly{$\alpha$} Emission of Three Ly{$\alpha$}-selected Field Galaxies at z \~{} 2.4 from the HETDEX Pilot Survey}",
  journal = {ApJ},
archivePrefix = "arXiv",
   eprint = {1308.1957},
 primaryClass = "astro-ph.CO",
 keywords = {galaxies: evolution, galaxies: high-redshift, galaxies: ISM, galaxies: starburst, line: profiles, radiative transfer},
     year = 2013,
    month = oct,
   volume = 775,
      eid = {99},
    pages = {99},
      doi = {10.1088/0004-637X/775/2/99},
   adsurl = {http://adsabs.harvard.edu/abs/2013ApJ...775...99C},
  adsnote = {Provided by the SAO/NASA Astrophysics Data System}
}


@ARTICLE{Behrens2014,
   author = {{Behrens}, C. and {Dijkstra}, M. and {Niemeyer}, J.~C.},
    title = "{Beamed Ly{$\alpha$} emission through outflow-driven cavities}",
  journal = {A\&A},
archivePrefix = "arXiv",
   eprint = {1401.4860},
 primaryClass = "astro-ph.CO",
 keywords = {radiative transfer, galaxies: high-redshift},
     year = 2014,
    month = mar,
   volume = 563,
      eid = {A77},
    pages = {A77},
      doi = {10.1051/0004-6361/201322949},
   adsurl = {http://adsabs.harvard.edu/abs/2014A%26A...563A..77B},
  adsnote = {Provided by the SAO/NASA Astrophysics Data System}
}


@ARTICLE{Garel2012,
   author = {{Garel}, T. and {Blaizot}, J. and {Guiderdoni}, B. and {Schaerer}, D. and
	{Verhamme}, A. and {Hayes}, M.},
    title = "{Modelling high redshift Lyman {$\alpha$} emitters}",
  journal = {MNRAS},
archivePrefix = "arXiv",
   eprint = {1202.0610},
 primaryClass = "astro-ph.CO",
 keywords = {radiative transfer, galaxies: evolution, galaxies: formation, galaxies: high-redshift},
     year = 2012,
    month = may,
   volume = 422,
    pages = {310-325},
      doi = {10.1111/j.1365-2966.2012.20607.x},
   adsurl = {http://adsabs.harvard.edu/abs/2012MNRAS.422..310G},
  adsnote = {Provided by the SAO/NASA Astrophysics Data System}
}


@Article{matplotlib,
  Author    = {Hunter, J. D.},
  Title     = {Matplotlib: A 2D graphics environment},
  Journal   = {Computing In Science \& Engineering},
  Volume    = {9},
  Number    = {3},
  Pages     = {90--95},
  abstract  = {Matplotlib is a 2D graphics package used for Python
  for application development, interactive scripting, and
  publication-quality image generation across user
  interfaces and operating systems.},
  publisher = {IEEE COMPUTER SOC},
  year      = 2007
}

@Article{IPython,
  Author    = {P\'erez, Fernando and Granger, Brian E.},
  Title     = {IPython: a System for Interactive Scientific Computing},
  Journal   = {Computing in Science and Engineering},
  Volume    = {9},
  Number    = {3},
  Pages     = {21--29},
  month     = may,
  year      = 2007,
  url       = "http://ipython.org",
  ISSN      = "1521-9615",
  doi       = {10.1109/MCSE.2007.53},
  publisher = {IEEE Computer Society},
}

@ARTICLE{Ahn03,
   author = {{Ahn}, S.-H. and {Lee}, H.-W. and {Lee}, H.~M.},
    title = "{P Cygni type Ly{$\alpha$} from starburst galaxies}",
  journal = {MNRAS},
   eprint = {astro-ph/0204004},
 keywords = {line: formation, radiative transfer, galaxies: formation, galaxies: starburst},
     year = 2003,
    month = apr,
   volume = 340,
    pages = {863-869},
      doi = {10.1046/j.1365-8711.2003.06353.x},
   adsurl = {http://adsabs.harvard.edu/abs/2003MNRAS.340..863A},
  adsnote = {Provided by the SAO/NASA Astrophysics Data System}
}



@article{Finkelstein2013,
author = {Finkelstein, S. L. and Papovich, C. and Dickinson, M. and Song, M. and Tilvi, V. and Koekemoer, a. M. and Finkelstein, K. D. and Mobasher, B. and Ferguson, H. C. and Giavalisco, M. and Reddy, N. and Ashby, M. L. N. and Dekel, a. and Fazio, G. G. and Fontana, a. and Grogin, N. a. and Huang, J.-S. and Kocevski, D. and Rafelski, M. and Weiner, B. J. and Willner, S. P.},
doi = {10.1038/nature12657},
file = {:home/nicolas/Bibliografia/Astronomy⁄Astrophysics/Papers\_in\_Astrophysics/nature12657.pdf:pdf},
issn = {0028-0836},
journal = {Nature},
month = oct,
number = {7472},
pages = {524--527},
publisher = {Nature Publishing Group},
title = {{A galaxy rapidly forming stars 700 million years after the Big Bang at redshift 7.51}},
url = {http://www.nature.com/doifinder/10.1038/nature12657},
volume = {502},
year = {2013}
}


@ARTICLE{Laursen13,
   author = {{Laursen}, P. and {Duval}, F. and {{\"O}stlin}, G.},
    title = "{On the (Non-)Enhancement of the Ly{$\alpha$} Equivalent Width by a Multiphase Interstellar Medium}",
  journal = {ApJ},
archivePrefix = "arXiv",
   eprint = {1211.2833},
 primaryClass = "astro-ph.CO",
 keywords = {galaxies: ISM, radiative transfer, scattering },
     year = 2013,
    month = apr,
   volume = 766,
      eid = {124},
    pages = {124},
      doi = {10.1088/0004-637X/766/2/124},
   adsurl = {http://adsabs.harvard.edu/abs/2013ApJ...766..124L},
  adsnote = {Provided by the SAO/NASA Astrophysics Data System}
}


@ARTICLE{Kulas12,
   author = {{Kulas}, K.~R. and {Shapley}, A.~E. and {Kollmeier}, J.~A. and
	{Zheng}, Z. and {Steidel}, C.~C. and {Hainline}, K.~N.},
    title = "{The Kinematics of Multiple-peaked Ly{$\alpha$} Emission in Star-forming Galaxies at z \~{} 2-3}",
  journal = {ApJ},
archivePrefix = "arXiv",
   eprint = {1107.4367},
 primaryClass = "astro-ph.CO",
 keywords = {galaxies: formation, galaxies: high-redshift, galaxies: ISM, line: profiles, radiative transfer},
     year = 2012,
    month = jan,
   volume = 745,
      eid = {33},
    pages = {33},
      doi = {10.1088/0004-637X/745/1/33},
   adsurl = {http://adsabs.harvard.edu/abs/2012ApJ...745...33K},
  adsnote = {Provided by the SAO/NASA Astrophysics Data System}
}

@ARTICLE{Behrens13,
   author = {{Behrens}, C. and {Niemeyer}, J.},
    title = "{Effects of Lyman-alpha scattering in the IGM on clustering statistics of Lyman-alpha emitters}",
  journal = {A\&A},
archivePrefix = "arXiv",
   eprint = {1306.0920},
 primaryClass = "astro-ph.CO",
 keywords = {large-scale structure of Universe, radiative transfer, galaxies: high-redshift, intergalactic medium},
     year = 2013,
    month = aug,
   volume = 556,
      eid = {A5},
    pages = {A5},
      doi = {10.1051/0004-6361/201321172},
   adsurl = {http://adsabs.harvard.edu/abs/2013A%26A...556A...5B},
  adsnote = {Provided by the SAO/NASA Astrophysics Data System}
}

@ARTICLE{Barnes11,
   author = {{Barnes}, L.~A. and {Haehnelt}, M.~G. and {Tescari}, E. and
	{Viel}, M.},
    title = "{Galactic winds and extended Ly{$\alpha$} emission from the host galaxies of high column density quasi-stellar object absorption systems}",
  journal = {MNRAS},
archivePrefix = "arXiv",
   eprint = {1101.3319},
 primaryClass = "astro-ph.CO",
 keywords = {galaxies: formation, quasars: absorption lines},
     year = 2011,
    month = sep,
   volume = 416,
    pages = {1723-1738},
      doi = {10.1111/j.1365-2966.2011.18789.x},
   adsurl = {http://adsabs.harvard.edu/abs/2011MNRAS.416.1723B},
  adsnote = {Provided by the SAO/NASA Astrophysics Data System}
}


@ARTICLE{Verhamme12,
   author = {{Verhamme}, A. and {Dubois}, Y. and {Blaizot}, J. and {Garel}, T. and
	{Bacon}, R. and {Devriendt}, J. and {Guiderdoni}, B. and {Slyz}, A.
	},
    title = "{Lyman-{$\alpha$} emission properties of simulated galaxies: interstellar medium structure and inclination effects}",
  journal = {A\&A},
archivePrefix = "arXiv",
   eprint = {1208.4781},
 primaryClass = "astro-ph.CO",
 keywords = {methods: numerical, radiative transfer, hydrodynamics, galaxies: ISM, ISM: kinematics and dynamics, ISM: structure},
     year = 2012,
    month = oct,
   volume = 546,
      eid = {A111},
    pages = {A111},
      doi = {10.1051/0004-6361/201218783},
   adsurl = {http://adsabs.harvard.edu/abs/2012A%26A...546A.111V},
  adsnote = {Provided by the SAO/NASA Astrophysics Data System}
}



@ARTICLE{Yajima12,
   author = {{Yajima}, H. and {Li}, Y. and {Zhu}, Q. and {Abel}, T. and {Gronwall}, C. and
	{Ciardullo}, R.},
    title = "{Were Progenitors of Local L* Galaxies Ly{$\alpha$} Emitters at High Redshift?}",
  journal = {ApJ},
archivePrefix = "arXiv",
   eprint = {1112.1031},
 primaryClass = "astro-ph.CO",
 keywords = {galaxies: evolution, galaxies: formation, galaxies: high-redshift, large-scale structure of universe, line: profiles, radiative transfer},
     year = 2012,
    month = aug,
   volume = 754,
      eid = {118},
    pages = {118},
      doi = {10.1088/0004-637X/754/2/118},
   adsurl = {http://adsabs.harvard.edu/abs/2012ApJ...754..118Y},
  adsnote = {Provided by the SAO/NASA Astrophysics Data System}
}
@ARTICLE{Laursen09,
   author = {{Laursen}, P. and {Sommer-Larsen}, J. and {Andersen}, A.~C.},
    title = "{Ly{$\alpha$} Radiative Transfer with Dust: Escape Fractions from Simulated High-Redshift Galaxies}",
  journal = {ApJ},
archivePrefix = "arXiv",
   eprint = {0907.2698},
 primaryClass = "astro-ph.CO",
 keywords = {dust, extinction, galaxies: high-redshift, line: formation, line: profiles, radiative transfer, scattering},
     year = 2009,
    month = oct,
   volume = 704,
    pages = {1640-1656},
      doi = {10.1088/0004-637X/704/2/1640},
   adsurl = {http://adsabs.harvard.edu/abs/2009ApJ...704.1640L},
  adsnote = {Provided by the SAO/NASA Astrophysics Data System}
}

@ARTICLE{Orsi12,
   author = {{Orsi}, A. and {Lacey}, C.~G. and {Baugh}, C.~M.},
    title = "{Can galactic outflows explain the properties of Ly {$\alpha$} emitters?}",
  journal = {MNRAS},
archivePrefix = "arXiv",
   eprint = {1110.5701},
 primaryClass = "astro-ph.CO",
 keywords = {radiative transfer, methods: numerical, galaxies: evolution, galaxies: high-redshift, galaxies: kinematics and dynamics },
     year = 2012,
    month = sep,
   volume = 425,
    pages = {87-115},
      doi = {10.1111/j.1365-2966.2012.21396.x},
   adsurl = {http://adsabs.harvard.edu/abs/2012MNRAS.425...87O},
  adsnote = {Provided by the SAO/NASA Astrophysics Data System}
}


@ARTICLE{Verhamme2008,
author = {Verhamme, A and Schaerer, D and Atek, H and Tapken, C},
doi = {10.1051/0004-6361},
file = {:home/nicolas/.local/share/data/Mendeley Ltd./Mendeley Desktop/Downloaded/Verhamme et al. - 2008 - 3D Ly {$\alpha$} radiation transfer III . Constraints on gas and stellar properties of z ∼ 3 Lyman break galaxies ( LBG ) and implications for high-z LBGs and Ly {$\alpha$} emitters.pdf:pdf},
keywords = {galaxies,high-redshift,ism,line,profiles,radiative transfer,starburst,ultraviolet},
pages = {89--111},
title = {{3D Ly {$\alpha$} radiation transfer III . Constraints on gas and stellar properties of z ∼ 3 Lyman break galaxies ( LBG ) and implications for high-z LBGs and Ly {$\alpha$} emitters}},
volume = {111},
year = {2008}
}


@ARTICLE{Verhamme06,
   author = {{Verhamme}, A. and {Schaerer}, D. and {Maselli}, A.},
    title = "{3D Ly{$\alpha$} radiation transfer. I. Understanding Ly{$\alpha$} line profile morphologies}",
  journal = {A\&A},
   eprint = {arXiv:astro-ph/0608075},
 keywords = {galaxies: starburst, galaxies: ISM, galaxies: high-redshift, utraviolet: galaxies, radiative transfer, line: profiles},
     year = 2006,
    month = dec,
   volume = 460,
    pages = {397-413},
      doi = {10.1051/0004-6361:20065554},
   adsurl = {http://adsabs.harvard.edu/abs/2006A%26A...460..397V},
  adsnote = {Provided by the SAO/NASA Astrophysics Data System}
}
@ARTICLE{Hansen06,
   author = {{Hansen}, M. and {Oh}, S.~P.},
    title = "{Lyman {$\alpha$} radiative transfer in a multiphase medium}",
  journal = {MNRAS},
   eprint = {arXiv:astro-ph/0507586},
 keywords = {line: profiles, radiative transfer, methods: analytical, methods: numerical, galaxies: high redshift},
     year = 2006,
    month = apr,
   volume = 367,
    pages = {979-1002},
      doi = {10.1111/j.1365-2966.2005.09870.x},
   adsurl = {http://adsabs.harvard.edu/abs/2006MNRAS.367..979H},
  adsnote = {Provided by the SAO/NASA Astrophysics Data System}
}


@ARTICLE{Zheng02,
   author = {{Zheng}, Z. and {Miralda-Escud{\'e}}, J.},
    title = "{Monte Carlo Simulation of Ly{$\alpha$} Scattering and Application to Damped Ly{$\alpha$} Systems}",
  journal = {ApJ},
   eprint = {arXiv:astro-ph/0203287},
 keywords = {Line: Formation, Galaxies: Quasars: Absorption Lines, Radiative Transfer, Scattering},
     year = 2002,
    month = oct,
   volume = 578,
    pages = {33-42},
      doi = {10.1086/342400},
   adsurl = {http://adsabs.harvard.edu/abs/2002ApJ...578...33Z},
  adsnote = {Provided by the SAO/NASA Astrophysics Data System}
}


@ARTICLE{Ahn00,
   author = {{Ahn}, S.-H. and {Lee}, H.-W. and {Lee}, H.~M.},
    title = "{Ly Alpha Transfer in a Thick, Dusty, and Static Medium}",
  journal = {Journal of Korean Astronomical Society},
   eprint = {arXiv:astro-ph/0006172},
 keywords = {RADIATIVE TRANSFER, LINE: FORMATION, ISM: DUST, EXTINCTION, GALAXIES: STARBURST},
     year = 2000,
    month = apr,
   volume = 33,
    pages = {29-36},
   adsurl = {http://adsabs.harvard.edu/abs/2000JKAS...33...29A},
  adsnote = {Provided by the SAO/NASA Astrophysics Data System}
}

@ARTICLE{Ahn01,
   author = {{Ahn}, S.-H. and {Lee}, H.-W. and {Lee}, H.~M.},
    title = "{Ly{$\alpha$} Line Formation in Starbursting Galaxies. I. Moderately Thick, Dustless, and Static H I Media}",
  journal = {ApJ},
   eprint = {arXiv:astro-ph/0011509},
 keywords = {Galaxies: Formation, Galaxies: Starburst, Line: Formation, Radiative Transfer},
     year = 2001,
    month = jun,
   volume = 554,
    pages = {604-614},
      doi = {10.1086/321374},
   adsurl = {http://adsabs.harvard.edu/abs/2001ApJ...554..604A},
  adsnote = {Provided by the SAO/NASA Astrophysics Data System}
}


@ARTICLE{Avery68,
   author = {{Avery}, L.~W. and {House}, L.~L.},
    title = "{An Investigation of Resonance-Line Scattering by the Monte Carlo Technique}",
  journal = {ApJ},
     year = 1968,
    month = may,
   volume = 152,
    pages = {493},
      doi = {10.1086/149566},
   adsurl = {http://adsabs.harvard.edu/abs/1968ApJ...152..493A},
  adsnote = {Provided by the SAO/NASA Astrophysics Data System}
}

@ARTICLE{Auer68,
   author = {{Auer}, L.~H.},
    title = "{Transfer of Lyman Alpha in Diffuse Nebulae}",
  journal = {ApJ},
     year = 1968,
    month = sep,
   volume = 153,
    pages = {783},
      doi = {10.1086/149705},
   adsurl = {http://adsabs.harvard.edu/abs/1968ApJ...153..783A},
  adsnote = {Provided by the SAO/NASA Astrophysics Data System}
}

@ARTICLE{LoebRybicki,
   author = {{Loeb}, A. and {Rybicki}, G.~B.},
    title = "{Scattered Ly{$\alpha$} Radiation around Sources before Cosmological Reionization}",
  journal = {ApJ},
   eprint = {arXiv:astro-ph/9902180},
 keywords = {COSMOLOGY: THEORY, LINE: PROFILES},
     year = 1999,
    month = oct,
   volume = 524,
    pages = {527-535},
      doi = {10.1086/307844},
   adsurl = {http://adsabs.harvard.edu/abs/1999ApJ...524..527L},
  adsnote = {Provided by the SAO/NASA Astrophysics Data System}
}

@ARTICLE{Dijkstra06,
   author = {{Dijkstra}, M. and {Haiman}, Z. and {Spaans}, M.},
    title = "{Ly{$\alpha$} Radiation from Collapsing Protogalaxies. I. Characteristics of the Emergent Spectrum}",
  journal = {ApJ},
   eprint = {arXiv:astro-ph/0510407},
 keywords = {Cosmology: Theory, Galaxies: Formation, Galaxies: Halos, Galaxies: Intergalactic Medium, Galaxies: Quasars: General, Radiative Transfer},
     year = 2006,
    month = sep,
   volume = 649,
    pages = {14-36},
      doi = {10.1086/506243},
   adsurl = {http://adsabs.harvard.edu/abs/2006ApJ...649...14D},
  adsnote = {Provided by the SAO/NASA Astrophysics Data System}
}

@ARTICLE{Yamada2012,
   author = {{Yamada}, T. and {Nakamura}, Y. and {Matsuda}, Y. and {Hayashino}, T. and
{Yamauchi}, R. and {Morimoto}, N. and {Kousai}, K. and {Umemura}, M.
},
    title = "{Panoramic Survey of Ly{$\alpha$} Emitters at z = 3.1}",
  journal = {AJ},
archivePrefix = "arXiv",
   eprint = {1202.0087},
 primaryClass = "astro-ph.CO",
 keywords = {galaxies: clusters: individual: SSA22, galaxies: evolution, galaxies: formation, galaxies: high-redshift, galaxies: starburst, large-scale structure of Universe},
     year = 2012,
    month = apr,
   volume = 143,
      eid = {79},
    pages = {79},
      doi = {10.1088/0004-6256/143/4/79},
   adsurl = {http://adsabs.harvard.edu/abs/2012AJ....143...79Y},
  adsnote = {Provided by the SAO/NASA Astrophysics Data System}
}

@ARTICLE{Koehler2007,
   author = {{Koehler}, R.~S. and {Schuecker}, P. and {Gebhardt}, K.},
    title = "{Probing dark energy with baryonic acoustic oscillations at high redshifts}",
  journal = {A\&A},
   eprint = {arXiv:astro-ph/0609354},
 keywords = {cosmological parameters, large-scale structure of Universe},
     year = 2007,
    month = jan,
   volume = 462,
    pages = {7-20},
      doi = {10.1051/0004-6361:20065649},
   adsurl = {http://adsabs.harvard.edu/abs/2007A%26A...462....7K},
  adsnote = {Provided by the SAO/NASA Astrophysics Data System}
}
@ARTICLE{Gawiser2007,
   author = {{Gawiser}, E. and {Francke}, H. and {Lai}, K. and {Schawinski}, K. and
	{Gronwall}, C. and {Ciardullo}, R. and {Quadri}, R. and {Orsi}, A. and
	{Barrientos}, L.~F. and {Blanc}, G.~A. and {Fazio}, G. and {Feldmeier}, J.~J.},
    title = "{Ly{$\alpha$}-Emitting Galaxies at z = 3.1: L* Progenitors Experiencing Rapid Star Formation}",
  journal = {ApJ},
archivePrefix = "arXiv",
   eprint = {0710.2697},
 keywords = {Galaxies: Evolution, Galaxies: Formation, Galaxies: High-Redshift, Cosmology: Large-Scale Structure of Universe},
     year = 2007,
    month = dec,
   volume = 671,
    pages = {278-284},
      doi = {10.1086/522955},
   adsurl = {http://adsabs.harvard.edu/abs/2007ApJ...671..278G},
  adsnote = {Provided by the SAO/NASA Astrophysics Data System}
}

@ARTICLE{PartridgePeebles,
   author = {{Partridge}, R.~B. and {Peebles}, P.~J.~E.},
    title = "{Are Young Galaxies Visible?}",
  journal = {ApJ},
     year = 1967,
    month = mar,
   volume = 147,
    pages = {868},
      doi = {10.1086/149079},
   adsurl = {http://adsabs.harvard.edu/abs/1967ApJ...147..868P},
  adsnote = {Provided by the SAO/NASA Astrophysics Data System}
}

@ARTICLE{Zheng2013,
   author = {{Zheng}, Z. and {Wallace}, J.},
    title = "{Anisotropic Lyman-alpha Emission}",
booktitle = {American Astronomical Society Meeting Abstracts \#221},
     year = 2013,
   series = {American Astronomical Society Meeting Abstracts},
   volume = 221,
    month = jan,
    pages = {#414.05},
   adsurl = {http://adsabs.harvard.edu/abs/2013AAS...22141405Z},
  adsnote = {Provided by the SAO/NASA Astrophysics Data System}
}


@ARTICLE{Neufeld90,
   author = {{Neufeld}, D.~A.},
    title = "{The transfer of resonance-line radiation in static astrophysical media}",
  journal = {ApJ},
 keywords = {HYDROGEN ATOMS, INTERSTELLAR GAS, RADIATIVE TRANSFER, RESONANCE LINES, COMPUTATIONAL ASTROPHYSICS, PARTIAL DIFFERENTIAL EQUATIONS, STATICS},
     year = 1990,
    month = feb,
   volume = 350,
    pages = {216-241},
      doi = {10.1086/168375},
   adsurl = {http://adsabs.harvard.edu/abs/1990ApJ...350..216N},
  adsnote = {Provided by the SAO/NASA Astrophysics Data System}
}


@ARTICLE{Adams72,
   author = {{Adams}, T.~F.},
    title = "{The Escape of Resonance-Line Radiation from Extremely Opaque Media}",
  journal = {ApJ},
     year = 1972,
    month = jun,
   volume = 174,
    pages = {439},
      doi = {10.1086/151503},
   adsurl = {http://adsabs.harvard.edu/abs/1972ApJ...174..439A},
  adsnote = {Provided by the SAO/NASA Astrophysics Data System}
}



@ARTICLE{Harrington73,
   author = {{Harrington}, J.~P.},
    title = "{The scattering of resonance-line radiation in the limit of large optical depth}",
  journal = {MNRAS},
     year = 1973,
   volume = 162,
    pages = {43},
   adsurl = {http://adsabs.harvard.edu/abs/1973MNRAS.162...43H},
  adsnote = {Provided by the SAO/NASA Astrophysics Data System}
}

@ARTICLE{DijkstraKramer,
   author = {{Dijkstra}, M. and {Kramer}, R.},
    title = "{Line transfer through clumpy, large-scale outflows: Ly {$\alpha$} absorption and haloes around star-forming galaxies}",
  journal = {MNRAS},
archivePrefix = "arXiv",
   eprint = {1203.3803},
 primaryClass = "astro-ph.CO",
 keywords = {radiative transfer, scattering, ISM: jets and outflows, galaxies: formation, intergalactic medium, quasars: absorption lines },
     year = 2012,
    month = aug,
   volume = 424,
    pages = {1672-1693},
      doi = {10.1111/j.1365-2966.2012.21131.x},
   adsurl = {http://adsabs.harvard.edu/abs/2012MNRAS.424.1672D},
  adsnote = {Provided by the SAO/NASA Astrophysics Data System}
}


@ARTICLE{2010A&A...512A..79H,
   author = {{Haas}, M.~R. and {Anders}, P.},
    title = "{Variations in integrated galactic initial mass functions due to sampling method and cluster mass function}",
  journal = {A\&A},
archivePrefix = "arXiv",
   eprint = {1001.2009},
 primaryClass = "astro-ph.GA",
 keywords = {stars: luminosity function, mass function, Galaxy: stellar content, galaxies: fundamental parameters, methods: numerical, methods: statistical},
     year = 2010,
    month = mar,
   volume = 512,
      eid = {A79},
    pages = {A79},
      doi = {10.1051/0004-6361/200912967},
   adsurl = {http://adsabs.harvard.edu/abs/2010A%26A...512A..79H},
  adsnote = {Provided by the SAO/NASA Astrophysics Data System}
}
@ARTICLE{Hillier98,
   author = {{Hillier}, D.~J. and {Miller}, D.~L.},
    title = "{The Treatment of Non-LTE Line Blanketing in Spherically Expanding Outflows}",
  journal = {ApJ},
 keywords = {RADIATIVE TRANSFER, STARS: EMISSION-LINE, BE, LINE: FORMATION, STARS: MASS LOSS, STARS: WOLF-RAYET},
     year = 1998,
    month = mar,
   volume = 496,
    pages = {407},
      doi = {10.1086/305350},
   adsurl = {http://adsabs.harvard.edu/abs/1998ApJ...496..407H},
  adsnote = {Provided by the SAO/NASA Astrophysics Data System}
}

@ARTICLE{Smith02,
   author = {{Smith}, L.~J. and {Norris}, R.~P.~F. and {Crowther}, P.~A.},
    title = "{Realistic ionizing fluxes for young stellar populations from 0.05 to 2 Z$_{solar}$}",
  journal = {MNRAS},
   eprint = {arXiv:astro-ph/0207554},
 keywords = {stars: atmospheres, stars: mass-loss, stars: Wolf-Rayet, HII regions, galaxies: starburst, galaxies: stellar content},
     year = 2002,
    month = dec,
   volume = 337,
    pages = {1309-1328},
      doi = {10.1046/j.1365-8711.2002.06042.x},
   adsurl = {http://adsabs.harvard.edu/abs/2002MNRAS.337.1309S},
  adsnote = {Provided by the SAO/NASA Astrophysics Data System}
}


@ARTICLE{Lejeune2,
   author = {{Lejeune}, T. and {Cuisinier}, F. and {Buser}, R.},
    title = "{A standard stellar library for evolutionary synthesis. II. The M dwarf extension}",
  journal = {A\&As},
   eprint = {arXiv:astro-ph/9710350},
 keywords = {STARS: FUNDAMENTAL PARAMETERS, STARS: LATE TYPE},
     year = 1998,
    month = may,
   volume = 130,
    pages = {65-75},
      doi = {10.1051/aas:1998405},
   adsurl = {http://adsabs.harvard.edu/abs/1998A%26AS..130...65L},
  adsnote = {Provided by the SAO/NASA Astrophysics Data System}
}


@ARTICLE{Lejeune1,
   author = {{Lejeune}, T. and {Cuisinier}, F. and {Buser}, R.},
    title = "{Standard stellar library for evolutionary synthesis. I. Calibration of theoretical spectra}",
  journal = {A\&As},
   eprint = {arXiv:astro-ph/9701019},
 keywords = {ATLASES, STARS: FUNDAMENTAL PARAMETERS},
     year = 1997,
    month = oct,
   volume = 125,
    pages = {229-246},
      doi = {10.1051/aas:1997373},
   adsurl = {http://adsabs.harvard.edu/abs/1997A%26AS..125..229L},
  adsnote = {Provided by the SAO/NASA Astrophysics Data System}
}


@ARTICLE{2011MNRAS.411.2336I,
   author = {{Inoue}, A.~K. and {Kousai}, K. and {Iwata}, I. and {Matsuda}, Y. and
	{Nakamura}, E. and {Horie}, M. and {Hayashino}, T. and {Tapken}, C. and
	{Akiyama}, M. and {Noll}, S. and {Yamada}, T. and {Burgarella}, D. and
	{Nakamura}, Y.},
    title = "{Lyman 'bump' galaxies - II. A possible signature of massive extremely metal-poor or metal-free stars in z= 3.1 Ly{$\alpha$} emitters}",
  journal = {MNRAS},
archivePrefix = "arXiv",
   eprint = {1010.2582},
 primaryClass = "astro-ph.CO",
 keywords = {galaxies: evolution, galaxies: high-redshift, intergalactic medium, cosmology: observations},
     year = 2011,
    month = mar,
   volume = 411,
    pages = {2336-2352},
      doi = {10.1111/j.1365-2966.2010.17851.x},
   adsurl = {http://adsabs.harvard.edu/abs/2011MNRAS.411.2336I},
  adsnote = {Provided by the SAO/NASA Astrophysics Data System}
}

@ARTICLE{Dayal2012,
   author = {{Dayal}, P. and {Ferrara}, A.},
    title = "{Ly{$\alpha$} emitters and Lyman-break galaxies: dichotomous twins}",
  journal = {MNRAS},
archivePrefix = "arXiv",
   eprint = {1109.0297},
 primaryClass = "astro-ph.CO",
 keywords = {dust, extinction, galaxies: high-redshift, galaxies: luminosity function, mass function, cosmology: theory},
     year = 2012,
    month = apr,
   volume = 421,
    pages = {2568-2579},
      doi = {10.1111/j.1365-2966.2012.20486.x},
   adsurl = {http://adsabs.harvard.edu/abs/2012MNRAS.421.2568D},
  adsnote = {Provided by the SAO/NASA Astrophysics Data System}
}



@ARTICLE{2010MNRAS.401.1325I,
   author = {{Inoue}, A.~K.},
    title = "{Lyman `bump' galaxies - I. Spectral energy distribution of galaxies with an escape of nebular Lyman continuum}",
  journal = {MNRAS},
archivePrefix = "arXiv",
   eprint = {0908.3925},
 primaryClass = "astro-ph.CO",
 keywords = {HII regions, galaxies: evolution, galaxies: high-redshift, intergalacticmedium, cosmology: observations, cosmology: theory},
     year = 2010,
    month = jan,
   volume = 401,
    pages = {1325-1333},
      doi = {10.1111/j.1365-2966.2009.15730.x},
   adsurl = {http://adsabs.harvard.edu/abs/2010MNRAS.401.1325I},
  adsnote = {Provided by the SAO/NASA Astrophysics Data System}
}



@ARTICLE{2009ApJ...692.1287I,
   author = {{Iwata}, I. and {Inoue}, A.~K. and {Matsuda}, Y. and {Furusawa}, H. and
	{Hayashino}, T. and {Kousai}, K. and {Akiyama}, M. and {Yamada}, T. and
	{Burgarella}, D. and {Deharveng}, J.-M.},
    title = "{Detections of Lyman Continuum from Star-Forming Galaxies at z \~{} 3 through Subaru/Suprime-Cam Narrow-Band Imaging}",
  journal = {ApJ},
archivePrefix = "arXiv",
   eprint = {0805.4012},
 keywords = {cosmology: observations, diffuse radiation, galaxies: evolution, galaxies: high-redshift, intergalactic medium},
     year = 2009,
    month = feb,
   volume = 692,
    pages = {1287-1293},
      doi = {10.1088/0004-637X/692/2/1287},
   adsurl = {http://adsabs.harvard.edu/abs/2009ApJ...692.1287I},
  adsnote = {Provided by the SAO/NASA Astrophysics Data System}
}

@ARTICLE{2010ApJ...723..241S,
   author = {{Siana}, B. and {Teplitz}, H.~I. and {Ferguson}, H.~C. and {Brown}, T.~M. and
	{Giavalisco}, M. and {Dickinson}, M. and {Chary}, R.-R. and
	{de Mello}, D.~F. and {Conselice}, C.~J. and {Bridge}, C.~R. and
	{Gardner}, J.~P. and {Colbert}, J.~W. and {Scarlata}, C.},
    title = "{A Deep Hubble Space Telescope Search for Escaping Lyman Continuum Flux at z \~{} 1.3: Evidence for an Evolving Ionizing Emissivity}",
  journal = {ApJ},
archivePrefix = "arXiv",
   eprint = {1001.3412},
 primaryClass = "astro-ph.CO",
 keywords = {intergalactic medium, galaxies: high-redshift, galaxies: starburst, ultraviolet: galaxies},
     year = 2010,
    month = nov,
   volume = 723,
    pages = {241-250},
      doi = {10.1088/0004-637X/723/1/241},
   adsurl = {http://adsabs.harvard.edu/abs/2010ApJ...723..241S},
  adsnote = {Provided by the SAO/NASA Astrophysics Data System}
}


@ARTICLE{2012arXiv1201.0757K,
   author = {{Kuhlen}, M. and {Faucher-Giguere}, C.-A.},
    title = "{Concordance models of reionization: implications for faint galaxies and escape fraction evolution}",
  journal = {ArXiv e-prints},
archivePrefix = "arXiv",
   eprint = {1201.0757},
 primaryClass = "astro-ph.CO",
 keywords = {Astrophysics - Cosmology and Extragalactic Astrophysics, Astrophysics - Galaxy Astrophysics},
     year = 2012,
    month = jan,
   adsurl = {http://adsabs.harvard.edu/abs/2012arXiv1201.0757K},
  adsnote = {Provided by the SAO/NASA Astrophysics Data System}
}


@ARTICLE{2003A&A...397..527S,
   author = {{Schaerer}, D.},
    title = "{The transition from Population III to normal galaxies: Lyalpha and He II emission and the ionising properties of high redshift starburst galaxies}",
  journal = {A\&A},
   eprint = {arXiv:astro-ph/0210462},
 keywords = {cosmology: early Universe, galaxies: stellar content, stars: general, stars: fundamental parameters, stars: atmospheres},
     year = 2003,
    month = jan,
   volume = 397,
    pages = {527-538},
      doi = {10.1051/0004-6361:20021525},
   adsurl = {http://adsabs.harvard.edu/abs/2003A%26A...397..527S},
  adsnote = {Provided by the SAO/NASA Astrophysics Data System}
}

@ARTICLE{2011ApJ...741L..26F,
   author = {{Fumagalli}, M. and {da Silva}, R.~L. and {Krumholz}, M.~R.},
    title = "{Stochastic Star Formation and a (Nearly) Uniform Stellar Initial Mass Function}",
  journal = {ApJl},
archivePrefix = "arXiv",
   eprint = {1105.6101},
 primaryClass = "astro-ph.CO",
 keywords = {galaxies: dwarf, galaxies: star formation, galaxies: statistics, galaxies: stellar content, stars: statistics, ultraviolet: galaxies },
     year = 2011,
    month = nov,
   volume = 741,
      eid = {L26},
    pages = {L26},
      doi = {10.1088/2041-8205/741/2/L26},
   adsurl = {http://adsabs.harvard.edu/abs/2011ApJ...741L..26F},
  adsnote = {Provided by the SAO/NASA Astrophysics Data System}
}

@ARTICLE{dasilva12,
   author = {{da Silva}, R.~L. and {Fumagalli}, M. and {Krumholz}, M.},
    title = "{SLUG{\mdash}Stochastically Lighting Up Galaxies. I. Methods and Validating Tests}",
  journal = {ApJ},
archivePrefix = "arXiv",
   eprint = {1106.3072},
 primaryClass = "astro-ph.IM",
 keywords = {galaxies: star clusters: general, galaxies: stellar content, methods: numerical, methods: statistical, stars: formation, techniques: photometric },
     year = 2012,
    month = feb,
   volume = 745,
      eid = {145},
    pages = {145},
      doi = {10.1088/0004-637X/745/2/145},
   adsurl = {http://adsabs.harvard.edu/abs/2012ApJ...745..145D},
  adsnote = {Provided by the SAO/NASA Astrophysics Data System}
}





@ARTICLE{2010arXiv1002.3660K,
   author = {{Klypin}, A. and {Trujillo-Gomez}, S. and {Primack}, J.},
    title = "{Halos and galaxies in the standard cosmological model: results from the Bolshoi simulation}",
  journal = {ArXiv e-prints},
archivePrefix = "arXiv",
   eprint = {1002.3660},
 primaryClass = "astro-ph.CO",
 keywords = {Astrophysics - Cosmology and Extragalactic Astrophysics},
     year = 2010,
    month = feb,
   adsurl = {http://adsabs.harvard.edu/abs/2010arXiv1002.3660K},
  adsnote = {Provided by the SAO/NASA Astrophysics Data System}
}
@ARTICLE{2010arXiv1005.1289T,
   author = {{Trujillo-Gomez}, S. and {Klypin}, A. and {Primack}, J. and
	{Romanowsky}, A.~J.},
    title = "{LCDM Correctly Predicts Basic Statistics of Galaxies: Luminosity-Velocity Relation, Baryonic Mass-Velocity Relation, and Velocity Function}",
  journal = {ArXiv e-prints},
archivePrefix = "arXiv",
   eprint = {1005.1289},
 primaryClass = "astro-ph.CO",
 keywords = {Astrophysics - Cosmology and Extragalactic Astrophysics},
     year = 2010,
    month = may,
   adsurl = {http://adsabs.harvard.edu/abs/2010arXiv1005.1289T},
  adsnote = {Provided by the SAO/NASA Astrophysics Data System}
}

@ARTICLE{2010arXiv1010.4796H,
   author = {{Hayes}, M. and {Schaerer}, D. and {Ostlin}, G. and {Mas-Hesse}, J.~M. and
	{Atek}, H. and {Kunth}, D.},
    title = "{On the redshift-evolution of the Lyman-alpha escape fraction and the dust content of galaxies}",
  journal = {ArXiv e-prints},
archivePrefix = "arXiv",
   eprint = {1010.4796},
 primaryClass = "astro-ph.CO",
 keywords = {Astrophysics - Cosmology and Extragalactic Astrophysics},
     year = 2010,
    month = oct,
   adsurl = {http://adsabs.harvard.edu/abs/2010arXiv1010.4796H},
  adsnote = {Provided by the SAO/NASA Astrophysics Data System}
}

@ARTICLE{2010MNRAS.403L..84D,
   author = {{Devriendt}, J. and {Rimes}, C. and {Pichon}, C. and {Teyssier}, R. and
	{Le Borgne}, D. and {Aubert}, D. and {Audit}, E. and {Colombi}, S. and
	{Courty}, S. and {Dubois}, Y. and {Prunet}, S. and {Rasera}, Y. and
	{Slyz}, A. and {Tweed}, D.},
    title = "{The dusty, albeit ultraviolet bright, infancy of galaxies}",
  journal = {MNRAS},
archivePrefix = "arXiv",
   eprint = {0912.0376},
 primaryClass = "astro-ph.CO",
 keywords = {galaxies: evolution, galaxies: formation, galaxies: high-redshift, galaxies: luminosity function, mass function},
     year = 2010,
    month = mar,
   volume = 403,
    pages = {L84-L88},
      doi = {10.1111/j.1745-3933.2010.00820.x},
   adsurl = {http://adsabs.harvard.edu/abs/2010MNRAS.403L..84D},
  adsnote = {Provided by the SAO/NASA Astrophysics Data System}
}

@ARTICLE{2010MNRAS.404.2151C,
   author = {{Ceverino}, D. and {Dekel}, A. and {Bournaud}, F.},
    title = "{High-redshift clumpy discs and bulges in cosmological simulations}",
  journal = {MNRAS},
archivePrefix = "arXiv",
   eprint = {0907.3271},
 primaryClass = "astro-ph.CO",
 keywords = {stars: formation, galaxies: evolution, galaxies: formation, galaxies: kinematics and dynamics, galaxies: spiral},
     year = 2010,
    month = jun,
   volume = 404,
    pages = {2151-2169},
      doi = {10.1111/j.1365-2966.2010.16433.x},
   adsurl = {http://adsabs.harvard.edu/abs/2010MNRAS.404.2151C},
  adsnote = {Provided by the SAO/NASA Astrophysics Data System}
}

@ARTICLE{2005MNRAS.357.1077H,
   author = {{Hirashita}, H. and {Nozawa}, T. and {Kozasa}, T. and {Ishii}, T.~T. and
	{Takeuchi}, T.~T.},
    title = "{Extinction curves expected in young galaxies}",
  journal = {MNRAS},
   eprint = {arXiv:astro-ph/0501158},
 keywords = {supernovae: general, dust, extinction, galaxies: evolution, galaxies: high-redshift, galaxies: ISM, quasars: individual: SDSS J104845.05+463718.3},
     year = 2005,
    month = mar,
   volume = 357,
    pages = {1077-1087},
      doi = {10.1111/j.1365-2966.2005.08730.x},
   adsurl = {http://adsabs.harvard.edu/abs/2005MNRAS.357.1077H},
  adsnote = {Provided by the SAO/NASA Astrophysics Data System}
}

@ARTICLE{2006MNRAS.367..979H,
   author = {{Hansen}, M. and {Oh}, S.~P.},
    title = "{Lyman {$\alpha$} radiative transfer in a multiphase medium}",
  journal = {MNRAS},
   eprint = {arXiv:astro-ph/0507586},
 keywords = {line: profiles, radiative transfer, methods: analytical, methods: numerical, galaxies: high redshift},
     year = 2006,
    month = apr,
   volume = 367,
    pages = {979-1002},
}
@ARTICLE{1973MNRAS.162...43H,
   author = {{Harrington}, J.~P.},
    title = "{The scattering of resonance-line radiation in the limit of large optical depth}",
  journal = {MNRAS},
     year = 1973,
   volume = 162,
    pages = {43-+},
   adsurl = {http://adsabs.harvard.edu/abs/1973MNRAS.162...43H},
  adsnote = {Provided by the SAO/NASA Astrophysics Data System}
}

@ARTICLE{2003PASJ...55..901I,
   author = {{Inoue}, A.~K.},
    title = "{Evolution of Dust-to-Metal Ratio in Galaxies}",
  journal = {PASJ},
   eprint = {arXiv:astro-ph/0308204},
 keywords = {dust, extinction, galaxies: evolution, galaxies: ISM, ISM: evolution},
     year = 2003,
    month = oct,
   volume = 55,
    pages = {901-909},
   adsurl = {http://adsabs.harvard.edu/abs/2003PASJ...55..901I},
  adsnote = {Provided by the SAO/NASA Astrophysics Data System}
}
@ARTICLE{2008ApJS..175...48R,
   author = {{Reddy}, N.~A. and {Steidel}, C.~C. and {Pettini}, M. and {Adelberger}, K.~L. and
	{Shapley}, A.~E. and {Erb}, D.~K. and {Dickinson}, M.},
    title = "{Multiwavelength Constraints on the Cosmic Star Formation History from Spectroscopy: the Rest-Frame Ultraviolet, H{$\alpha$}, and Infrared Luminosity Functions at Redshifts 1.9 {$\lt$}\~{} z {$\lt$}\~{} 3.4}",
  journal = {ApJs},
archivePrefix = "arXiv",
   eprint = {0706.4091},
 keywords = {Galaxies: Evolution, Galaxies: Formation, Galaxies: High-Redshift, Galaxies: Luminosity Function, Mass Function, Galaxies: Starburst, Infrared: Galaxies},
     year = 2008,
    month = mar,
   volume = 175,
    pages = {48-85},
      doi = {10.1086/521105},
   adsurl = {http://adsabs.harvard.edu/abs/2008ApJS..175...48R},
  adsnote = {Provided by the SAO/NASA Astrophysics Data System}
}
@ARTICLE{2006ApJ...644..792R,
   author = {{Reddy}, N.~A. and {Steidel}, C.~C. and {Fadda}, D. and {Yan}, L. and
	{Pettini}, M. and {Shapley}, A.~E. and {Erb}, D.~K. and {Adelberger}, K.~L.
	},
    title = "{Star Formation and Extinction in Redshift z\~{}2 Galaxies: Inferences from Spitzer MIPS Observations}",
  journal = {ApJ},
   eprint = {arXiv:astro-ph/0602596},
 keywords = {Cosmology: Observations, ISM: Dust, Extinction, Galaxies: Evolution, Galaxies: High-Redshift, Galaxies: Stellar Content, Infrared: Galaxies},
     year = 2006,
    month = jun,
   volume = 644,
    pages = {792-812},
      doi = {10.1086/503739},
   adsurl = {http://adsabs.harvard.edu/abs/2006ApJ...644..792R},
  adsnote = {Provided by the SAO/NASA Astrophysics Data System}
}


@ARTICLE{2010ApJ...708L..69B,
   author = {{Bouwens}, R.~J. and {Illingworth}, G.~D. and {Oesch}, P.~A. and
	{Trenti}, M. and {Stiavelli}, M. and {Carollo}, C.~M. and {Franx}, M. and
	{van Dokkum}, P.~G. and {Labb{\'e}}, I. and {Magee}, D.},
    title = "{Very Blue UV-Continuum Slope $\beta$ of Low Luminosity z \~{} 7 Galaxies from WFC3/IR: Evidence for Extremely Low Metallicities?}",
  journal = {ApJl},
archivePrefix = "arXiv",
   eprint = {0910.0001},
 keywords = {galaxies: evolution, galaxies: high-redshift },
     year = 2010,
    month = jan,
   volume = 708,
    pages = {L69-L73},
      doi = {10.1088/2041-8205/708/2/L69},
   adsurl = {http://adsabs.harvard.edu/abs/2010ApJ...708L..69B},
  adsnote = {Provided by the SAO/NASA Astrophysics Data System}
}

@ARTICLE{2009ApJ...705..936B,
   author = {{Bouwens}, R.~J. and {Illingworth}, G.~D. and {Franx}, M. and
	{Chary}, {R.-R.} and {Meurer}, G.~R. and {Conselice}, C.~J. and
	{Ford}, H. and {Giavalisco}, M. and {van Dokkum}, P.},
    title = "{UV Continuum Slope and Dust Obscuration from z \~{} 6 to z \~{} 2: The Star Formation Rate Density at High Redshift}",
  journal = {ApJ},
archivePrefix = "arXiv",
   eprint = {0909.4074},
 keywords = {galaxies: evolution, galaxies: high-redshift},
     year = 2009,
    month = nov,
   volume = 705,
    pages = {936-961},
      doi = {10.1088/0004-637X/705/1/936},
   adsurl = {http://adsabs.harvard.edu/abs/2009ApJ...705..936B},
  adsnote = {Provided by the SAO/NASA Astrophysics Data System}
}





@ARTICLE{2009arXiv0909.1803B,
   author = {{Bouwens}, R.~J. and {Illingworth}, G.~D. and {Oesch}, P.~A. and
	{Stiavelli}, M. and {van Dokkum}, P. and {Trenti}, M. and {Magee}, D. and
	{Labbe}, I. and {Franx}, M. and {Carollo}, M.},
    title = "{z\~{}8 galaxies from ultra-deep WFC3/IR Observations over the HUDF}",
  journal = {ArXiv e-prints},
archivePrefix = "arXiv",
   eprint = {0909.1803},
 keywords = {Astrophysics - Cosmology and Extragalactic Astrophysics},
     year = 2009,
    month = sep,
   adsurl = {http://adsabs.harvard.edu/abs/2009arXiv0909.1803B},
  adsnote = {Provided by the SAO/NASA Astrophysics Data System}
}

@ARTICLE{2010ApJ...709L..16O,
   author = {{Oesch}, P.~A. and {Bouwens}, R.~J. and {Illingworth}, G.~D. and
	{Carollo}, C.~M. and {Franx}, M. and {Labb{\'e}}, I. and {Magee}, D. and
	{Stiavelli}, M. and {Trenti}, M. and {van Dokkum}, P.~G.},
    title = "{z \~{} 7 Galaxies in the HUDF: First Epoch WFC3/IR Results}",
  journal = {ApJl},
archivePrefix = "arXiv",
   eprint = {0909.1806},
 keywords = {galaxies: evolution, galaxies: high-redshift, galaxies: luminosity function, mass function },
     year = 2010,
    month = jan,
   volume = 709,
    pages = {L16-L20},
      doi = {10.1088/2041-8205/709/1/L16},
   adsurl = {http://adsabs.harvard.edu/abs/2010ApJ...709L..16O},
  adsnote = {Provided by the SAO/NASA Astrophysics Data System}
}


@ARTICLE{2009arXiv0909.2255B,
   author = {{Bunker}, A. and {Wilkins}, S. and {Ellis}, R. and {Stark}, D. and
	{Lorenzoni}, S. and {Chiu}, K. and {Lacy}, M. and {Jarvis}, M. and
	{Hickey}, S.},
    title = "{The Contribution of High Redshift Galaxies to Cosmic Reionization: New Results from Deep WFC3 Imaging of the Hubble Ultra Deep Field}",
  journal = {ArXiv e-prints},
archivePrefix = "arXiv",
   eprint = {0909.2255},
 keywords = {Astrophysics - Cosmology and Extragalactic Astrophysics},
     year = 2009,
    month = sep,
   adsurl = {http://adsabs.harvard.edu/abs/2009arXiv0909.2255B},
  adsnote = {Provided by the SAO/NASA Astrophysics Data System}
}

@ARTICLE{2009arXiv0909.2437M,
   author = {{McLure}, R.~J. and {Dunlop}, J.~S. and {Cirasuolo}, M. and
	{Koekemoer}, A.~M. and {Sabbi}, E. and {Stark}, D.~P. and {Targett}, T.~A. and
	{Ellis}, R.~S.},
    title = "{Galaxies at z = 6 - 9 from the WFC3/IR imaging of the HUDF}",
  journal = {ArXiv e-prints},
archivePrefix = "arXiv",
   eprint = {0909.2437},
 keywords = {Astrophysics - Cosmology and Extragalactic Astrophysics},
     year = 2009,
    month = sep,
   adsurl = {http://adsabs.harvard.edu/abs/2009arXiv0909.2437M},
  adsnote = {Provided by the SAO/NASA Astrophysics Data System}
}


@BOOK{1989agna.book.....O,
   author = {{Osterbrock}, D.~E.},
    title = "{Astrophysics of gaseous nebulae and active galactic nuclei}",
 keywords = {ACTIVE GALACTIC NUCLEI, ASTROPHYSICS, PLANETARY NEBULAE, QUASARS, SEYFERT GALAXIES, COMPUTATIONAL ASTROPHYSICS, COSMIC DUST, EMISSION SPECTRA, INTERSTELLAR MATTER, PHOTOIONIZATION, SPECTRUM ANALYSIS, STELLAR PHYSICS, SUPERNOVA REMNANTS, THERMODYNAMIC EQUILIBRIUM},
booktitle = {Research supported by the University of California, John Simon Guggenheim Memorial Foundation, University of Minnesota, et al.~Mill Valley, CA, University Science Books, 1989, 422 p.},
     year = 1989,
   editor = "{Osterbrock, D.~E.}",
   adsurl = {http://adsabs.harvard.edu/abs/1989agna.book.....O},
   adsnote = {Provided by the SAO/NASA Astrophysics Data System}
}

@ARTICLE{2009arXiv0909.0276H,
   author = {{Hambrick}, D.~C. and {Ostriker}, J.~P. and {Naab}, T. and {Johansson}, P.~H.
	},
    title = "{The Effects of the Ionizing Radiation Background on Galaxy Evolution}",
  journal = {ArXiv e-prints},
archivePrefix = "arXiv",
   eprint = {0909.0276},
 keywords = {Astrophysics - Galaxy Astrophysics},
     year = 2009,
    month = sep,
   adsurl = {http://adsabs.harvard.edu/abs/2009arXiv0909.0276H},
  adsnote = {Provided by the SAO/NASA Astrophysics Data System}
}
@ARTICLE{2001MNRAS.322..231K,
   author = {{Kroupa}, P.},
    title = "{On the variation of the initial mass function}",
  journal = {MNRAS},
   eprint = {arXiv:astro-ph/0009005},
 keywords = {BINARIES: GENERAL, STARS: FORMATION, STARS: KINEMATICS, STARS: LUMINOSITY FUNCTION, MASS FUNCTION, GLOBULAR CLUSTERS: GENERAL, OPEN CLUSTERS AND ASSOCIATIONS: GENERAL},
     year = 2001,
    month = apr,
   volume = 322,
    pages = {231-246},
      doi = {10.1046/j.1365-8711.2001.04022.x},
   adsurl = {http://adsabs.harvard.edu/abs/2001MNRAS.322..231K},
  adsnote = {Provided by the SAO/NASA Astrophysics Data System}
}
@ARTICLE{2003PASP..115..763C,
   author = {{Chabrier}, G.},
    title = "{Galactic Stellar and Substellar Initial Mass Function}",
  journal = {PASP},
   eprint = {arXiv:astro-ph/0304382},
 keywords = {Galaxies: Luminosity Function, Mass Function, Invited Reviews},
     year = 2003,
    month = jul,
   volume = 115,
    pages = {763-795},
      doi = {10.1086/376392},
   adsurl = {http://adsabs.harvard.edu/abs/2003PASP..115..763C},
  adsnote = {Provided by the SAO/NASA Astrophysics Data System}
}
@ARTICLE{2009MNRAS.395.2196M,
   author = {{McLure}, R.~J. and {Cirasuolo}, M. and {Dunlop}, J.~S. and
	{Foucaud}, S. and {Almaini}, O.},
    title = "{The luminosity function, halo masses and stellar masses of luminous Lyman-break galaxies at redshifts 5 {$\lt$} z {$\lt$} 6}",
  journal = {MNRAS},
archivePrefix = "arXiv",
   eprint = {0805.1335},
 keywords = {galaxies: evolution , galaxies: formation , galaxies: high-redshift},
     year = 2009,
    month = jun,
   volume = 395,
    pages = {2196-2209},
      doi = {10.1111/j.1365-2966.2009.14677.x},
   adsurl = {http://adsabs.harvard.edu/abs/2009MNRAS.395.2196M},
  adsnote = {Provided by the SAO/NASA Astrophysics Data System}
}
@ARTICLE{2006PASJ...58..313S,
   author = {{Shimasaku}, K. and {Kashikawa}, N. and {Doi}, M. and {Ly}, C. and
	{Malkan}, M.~A. and {Matsuda}, Y. and {Ouchi}, M. and {Hayashino}, T. and
	{Iye}, M. and {Motohara}, K. and {Murayama}, T. and {Nagao}, T. and
	{Ohta}, K. and {Okamura}, S. and {Sasaki}, T. and {Shioya}, Y. and
	{Taniguchi}, Y.},
    title = "{Ly{$\alpha$} Emitters at z = 5.7 in the Subaru Deep Field}",
  journal = {PASJ},
   eprint = {arXiv:astro-ph/0602614},
 keywords = {galaxies: evolution, galaxies: high-redshift, galaxies: luminosity function, mass function, galaxies: photometry},
     year = 2006,
    month = apr,
   volume = 58,
    pages = {313-334},
   adsurl = {http://adsabs.harvard.edu/abs/2006PASJ...58..313S},
  adsnote = {Provided by the SAO/NASA Astrophysics Data System}
}

@ARTICLE{2009ApJ...706.1136O,
   author = {{Ouchi}, M. and {Mobasher}, B. and {Shimasaku}, K. and {Ferguson}, H.~C. and
	{Fall}, S.~M. and {Ono}, Y. and {Kashikawa}, N. and {Morokuma}, T. and
	{Nakajima}, K. and {Okamura}, S. and {Dickinson}, M. and {Giavalisco}, M. and
	{Ohta}, K.},
    title = "{Large Area Survey for z = 7 Galaxies in SDF and GOODS-N: Implications for Galaxy Formation and Cosmic Reionization}",
  journal = {ApJ},
archivePrefix = "arXiv",
   eprint = {0908.3191},
 keywords = {cosmology: observations, galaxies: formation, galaxies: high-redshift },
     year = 2009,
    month = dec,
   volume = 706,
    pages = {1136-1151},
      doi = {10.1088/0004-637X/706/2/1136},
   adsurl = {http://adsabs.harvard.edu/abs/2009ApJ...706.1136O},
  adsnote = {Provided by the SAO/NASA Astrophysics Data System}
}

@ARTICLE{1999ApJS..123....3L,
   author = {{Leitherer}, C. and {Schaerer}, D. and {Goldader}, J.~D. and
	{Gonz{\'a}lez Delgado}, R.~M. and {Robert}, C. and {Kune}, D.~F. and
	{de Mello}, D.~F. and {Devost}, D. and {Heckman}, T.~M.},
    title = "{Starburst99: Synthesis Models for Galaxies with Active Star Formation}",
  journal = {ApJs},
   eprint = {arXiv:astro-ph/9902334},
 keywords = {GALAXIES: EVOLUTION, GALAXIES: FUNDAMENTAL PARAMETERS, GALAXIES: STARBURST, GALAXIES: STELLAR CONTENT, METHODS: NUMERICAL},
     year = 1999,
    month = jul,
   volume = 123,
    pages = {3-40},
      doi = {10.1086/313233},
   adsurl = {http://adsabs.harvard.edu/abs/1999ApJS..123....3L},
  adsnote = {Provided by the SAO/NASA Astrophysics Data System}
}



@ARTICLE{2001ApJ...562...95S,
   author = {{Shapley}, A.~E. and {Steidel}, C.~C. and {Adelberger}, K.~L. and
	{Dickinson}, M. and {Giavalisco}, M. and {Pettini}, M.},
    title = "{The Rest-Frame Optical Properties of z\~{}=3 Galaxies}",
  journal = {ApJ},
   eprint = {arXiv:astro-ph/0107324},
 keywords = {Galaxies: Evolution, Galaxies: Formation, Galaxies: High-Redshift, Galaxies: Starburst, Galaxies: Stellar Content, Infrared: Galaxies},
     year = 2001,
    month = nov,
   volume = 562,
    pages = {95-123},
      doi = {10.1086/323432},
   adsurl = {http://adsabs.harvard.edu/abs/2001ApJ...562...95S},
  adsnote = {Provided by the SAO/NASA Astrophysics Data System}
}

@ARTICLE{2003ApJ...599...38B,
   author = {{Benson}, A.~J. and {Bower}, R.~G. and {Frenk}, C.~S. and {Lacey}, C.~G. and
	{Baugh}, C.~M. and {Cole}, S.},
    title = "{What Shapes the Luminosity Function of Galaxies?}",
  journal = {ApJ},
   eprint = {arXiv:astro-ph/0302450},
 keywords = {Conduction, Galaxies: Cooling Flows, Galaxies: Evolution, Galaxies: Formation, Galaxies: Luminosity Function, Mass Function},
     year = 2003,
    month = dec,
   volume = 599,
    pages = {38-49},
      doi = {10.1086/379160},
   adsurl = {http://adsabs.harvard.edu/abs/2003ApJ...599...38B},
  adsnote = {Provided by the SAO/NASA Astrophysics Data System}
}

@ARTICLE{2006MNRAS.366..705N,
   author = {{Night}, C. and {Nagamine}, K. and {Springel}, V. and {Hernquist}, L.
	},
    title = "{Lyman break galaxies at z= 4-6 in cosmological smoothed particle hydrodynamics simulations}",
  journal = {MNRAS},
   eprint = {arXiv:astro-ph/0503631},
     year = 2006,
    month = mar,
   volume = 366,
    pages = {705-716},
      doi = {10.1111/j.1365-2966.2005.09730.x},
   adsurl = {http://adsabs.harvard.edu/abs/2006MNRAS.366..705N},
  adsnote = {Provided by the SAO/NASA Astrophysics Data System}
}

@ARTICLE{2003ApJS..148..175S,
   author = {{Spergel}, D.~N. and {Verde}, L. and {Peiris}, H.~V. and {Komatsu}, E. and
	{Nolta}, M.~R. and {Bennett}, C.~L. and {Halpern}, M. and {Hinshaw}, G. and
	{Jarosik}, N. and {Kogut}, A. and {Limon}, M. and {Meyer}, S.~S. and
	{Page}, L. and {Tucker}, G.~S. and {Weiland}, J.~L. and {Wollack}, E. and
	{Wright}, E.~L.},
    title = "{First-Year Wilkinson Microwave Anisotropy Probe (WMAP) Observations: Determination of Cosmological Parameters}",
  journal = {ApJs},
   eprint = {arXiv:astro-ph/0302209},
 keywords = {Cosmology: Cosmic Microwave Background, Cosmology: Cosmological Parameters- Cosmology: Observations, Cosmology: Early Universe},
     year = 2003,
    month = sep,
   volume = 148,
    pages = {175-194},
      doi = {10.1086/377226},
   adsurl = {http://adsabs.harvard.edu/abs/2003ApJS..148..175S},
  adsnote = {Provided by the SAO/NASA Astrophysics Data System}
}

@ARTICLE{2009ApJS..180..306D,
   author = {{Dunkley}, J. and {Komatsu}, E. and {Nolta}, M.~R. and {Spergel}, D.~N. and
	{Larson}, D. and {Hinshaw}, G. and {Page}, L. and {Bennett}, C.~L. and
	{Gold}, B. and {Jarosik}, N. and {Weiland}, J.~L. and {Halpern}, M. and
	{Hill}, R.~S. and {Kogut}, A. and {Limon}, M. and {Meyer}, S.~S. and
	{Tucker}, G.~S. and {Wollack}, E. and {Wright}, E.~L.},
    title = "{Five-Year Wilkinson Microwave Anisotropy Probe Observations: Likelihoods and Parameters from the WMAP Data}",
  journal = {ApJs},
archivePrefix = "arXiv",
   eprint = {0803.0586},
 keywords = {cosmic microwave background, cosmology: observations, early universe, polarization },
     year = 2009,
    month = feb,
   volume = 180,
    pages = {306-329},
      doi = {10.1088/0067-0049/180/2/306},
   adsurl = {http://adsabs.harvard.edu/abs/2009ApJS..180..306D},
  adsnote = {Provided by the SAO/NASA Astrophysics Data System}
}
@ARTICLE{2000ApJ...538..473L,
   author = {{Lewis}, A. and {Challinor}, A. and {Lasenby}, A.},
    title = "{Efficient Computation of Cosmic Microwave Background Anisotropies in Closed Friedmann-Robertson-Walker Models}",
  journal = {ApJ},
   eprint = {arXiv:astro-ph/9911177},
 keywords = {Cosmology: Cosmic Microwave Background, Cosmology: Theory},
     year = 2000,
    month = aug,
   volume = 538,
    pages = {473-476},
      doi = {10.1086/309179},
   adsurl = {http://adsabs.harvard.edu/abs/2000ApJ...538..473L},
  adsnote = {Provided by the SAO/NASA Astrophysics Data System}
}
@ARTICLE{sheth-tormen,
   author = {{Sheth}, R.~K. and {Tormen}, G.},
    title = "{Large-scale bias and the peak background split}",
  journal = {MNRAS},
   eprint = {arXiv:astro-ph/9901122},
     year = 1999,
    month = sep,
   volume = 308,
    pages = {119-126},
      doi = {10.1046/j.1365-8711.1999.02692.x},
   adsurl = {http://adsabs.harvard.edu/abs/1999MNRAS.308..119S},
  adsnote = {Provided by the SAO/NASA Astrophysics Data System}
}

@ARTICLE{Haardt96,
   author = {{Haardt}, F. and {Madau}, P.},
    title = "{Radiative Transfer in a Clumpy Universe. II. The Ultraviolet Extragalactic Background}",
  journal = {ApJ},
   eprint = {arXiv:astro-ph/9509093},
 keywords = {COSMOLOGY: THEORY, COSMOLOGY: DIFFUSE RADIATION, GALAXIES: INTERGALACTIC MEDIUM, GALAXIES: QUASARS: ABSORPTION LINES, RADIATIVE TRANSFER},
     year = 1996,
    month = apr,
   volume = 461,
    pages = {20-+},
      doi = {10.1086/177035},
   adsurl = {http://adsabs.harvard.edu/abs/1996ApJ...461...20H},
  adsnote = {Provided by the SAO/NASA Astrophysics Data System}
}

@ARTICLE{yepes:97,
   author = {{Yepes}, G. and {Kates}, R. and {Khokhlov}, A. and {Klypin}, A.
	},
    title = "{Hydrodynamical simulations of galaxy formation: effects of supernova feedback}",
  journal = {MNRAS},
   eprint = {arXiv:astro-ph/9605182},
 keywords = {HYDRODYNAMICS, METHODS: NUMERICAL, GALAXIES: EVOLUTION, GALAXIES: FORMATION},
     year = 1997,
    month = jan,
   volume = 284,
    pages = {235-256},
   adsurl = {http://adsabs.harvard.edu/abs/1997MNRAS.284..235Y},
  adsnote = {Provided by the SAO/NASA Astrophysics Data System}
}
@ARTICLE{springel:03,
   author = {{Springel}, V. and {Hernquist}, L.},
    title = "{Cosmological smoothed particle hydrodynamics simulations: a hybrid multiphase model for star formation}",
  journal = {MNRAS},
   eprint = {arXiv:astro-ph/0206393},
 keywords = {methods: numerical, galaxies: evolution, galaxies: formation},
     year = 2003,
    month = feb,
   volume = 339,
    pages = {289-311},
      doi = {10.1046/j.1365-8711.2003.06206.x},
   adsurl = {http://adsabs.harvard.edu/abs/2003MNRAS.339..289S},
  adsnote = {Provided by the SAO/NASA Astrophysics Data System}
}

@ARTICLE{Neufeld91,
   author = {{Neufeld}, D.~A.},
    title = "{The escape of Lyman-alpha radiation from a multiphase interstellar medium}",
  journal = {ApJl},
 keywords = {GALACTIC RADIATION, INTERSTELLAR MATTER, LYMAN ALPHA RADIATION, RADIATIVE TRANSFER, RADIO SOURCES (ASTRONOMY), CONTINUOUS RADIATION, EDDINGTON APPROXIMATION, INTERSTELLAR EXTINCTION},
     year = 1991,
    month = apr,
   volume = 370,
    pages = {L85-L88},
      doi = {10.1086/185983},
   adsurl = {http://adsabs.harvard.edu/abs/1991ApJ...370L..85N},
  adsnote = {Provided by the SAO/NASA Astrophysics Data System}
}

@ARTICLE{Springeletal01,
   author = {{Springel}, V. and {Yoshida}, N. and {White}, S.~D.~M.},
    title = "{GADGET: a code for collisionless and gasdynamical cosmological simulations}",
  journal = {New Astronomy},
   eprint = {arXiv:astro-ph/0003162},
     year = 2001,
    month = apr,
   volume = 6,
    pages = {79-117},
      doi = {10.1016/S1384-1076(01)00042-2},
   adsurl = {http://adsabs.harvard.edu/abs/2001NewA....6...79S},
  adsnote = {Provided by the SAO/NASA Astrophysics Data System}
}

@ARTICLE{Springel05,
   author = {{Springel}, V.},
    title = "{The cosmological simulation code GADGET-2}",
  journal = {MNRAS},
   eprint = {arXiv:astro-ph/0505010},
     year = 2005,
    month = dec,
   volume = 364,
    pages = {1105-1134},
      doi = {10.1111/j.1365-2966.2005.09655.x},
   adsurl = {http://adsabs.harvard.edu/abs/2005MNRAS.364.1105S},
  adsnote = {Provided by the SAO/NASA Astrophysics Data System}
}
@ARTICLE{2006MNRAS.372..357M,
   author = {{McLure}, R.~J. and {Cirasuolo}, M. and {Dunlop}, J.~S. and
	{Sekiguchi}, K. and {Almaini}, O. and {Foucaud}, S. and {Simpson}, C. and
	{Watson}, M.~G. and {Hirst}, P. and {Page}, M.~J. and {Smail}, I.
	},
    title = "{The discovery of a significant sample of massive galaxies at redshifts 5 {$\lt$} z {$\lt$} 6 in the UKIDSS Ultra Deep Survey early data release}",
  journal = {MNRAS},
   eprint = {arXiv:astro-ph/0606116},
 keywords = {galaxies: evolution: galaxies: formation: galaxies: high-redshift},
     year = 2006,
    month = oct,
   volume = 372,
    pages = {357-368},
      doi = {10.1111/j.1365-2966.2006.10864.x},
   adsurl = {http://adsabs.harvard.edu/abs/2006MNRAS.372..357M},
  adsnote = {Provided by the SAO/NASA Astrophysics Data System}
}

@ARTICLE{2007ApJ...670..928B,
   author = {{Bouwens}, R.~J. and {Illingworth}, G.~D. and {Franx}, M. and
	{Ford}, H.},
    title = "{UV Luminosity Functions at z\~{}4, 5, and 6 from the Hubble Ultra Deep Field and Other Deep Hubble Space Telescope ACS Fields: Evolution and Star Formation History}",
  journal = {ApJ},
archivePrefix = "arXiv",
   eprint = {0707.2080},
 keywords = {Galaxies: Evolution, Galaxies: High-Redshift},
     year = 2007,
    month = dec,
   volume = 670,
    pages = {928-958},
      doi = {10.1086/521811},
   adsurl = {http://adsabs.harvard.edu/abs/2007ApJ...670..928B},
  adsnote = {Provided by the SAO/NASA Astrophysics Data System}
}
@ARTICLE{Knollmann2009,
 author = {{Knollmann}, S.~R. and {Knebe}, A.},
 title = {{AHF: Amiga's Halo Finder}},
 journal = {ApJs},
 year = {2009},
 volume = {182},
 pages = {608-624},
 month = jun,
 adsnote = {Provided by the SAO/NASA Astrophysics Data System},
 archiveprefix = {arXiv},
 doi = {10.1088/0067-0049/182/2/608},
 eprint = {0904.3662},
 keywords = {methods: numerical },
 owner = {steffen},
 timestamp = {2009.06.01},
 url = {http://ads.ari.uni-heidelberg.de/abs/2009ApJS..182..608K}
}
@ARTICLE{Gill2004,
 author = {{Gill}, S.~P.~D. and {Knebe}, A. and {Gibson}, B.~K.},
 title = {{The evolution of substructure - I. A new identification method}},
 journal = {MNRAS},
 year = {2004},
 volume = {351},
 pages = {399-409},
 month = jun,
 adsnote = {Provided by the Smithsonian/NASA Astrophysics Data System},
 doi = {10.1111/j.1365-2966.2004.07786.x},
 eprint = {arXiv:astro-ph/0404258},
 file = {Gill2004a.pdf:Gill2004a.pdf:PDF},
 owner = {steffen},
 timestamp = {2008.04.10},
 url = {http://adsabs.harvard.edu/abs/2004MNRAS.351..399G}
}


@ARTICLE{2000ApJ...539..718C,
   author = {{Charlot}, S. and {Fall}, S.~M.},
    title = "{A Simple Model for the Absorption of Starlight by Dust in Galaxies}",
  journal = {ApJ},
   eprint = {arXiv:astro-ph/0003128},
 keywords = {ISM: Dust, Extinction, Galaxies: ISM, Galaxies: Starburst, Infrared: Galaxies, Ultraviolet: Galaxies},
     year = 2000,
    month = aug,
   volume = 539,
    pages = {718-731},
      doi = {10.1086/309250},
   adsurl = {http://adsabs.harvard.edu/abs/2000ApJ...539..718C},
  adsnote = {Provided by the SAO/NASA Astrophysics Data System}
}

@ARTICLE{1983A&A...128..212M,
   author = {{Mathis}, J.~S. and {Mezger}, P.~G. and {Panagia}, N.},
    title = "{Interstellar radiation field and dust temperatures in the diffuse interstellar matter and in giant molecular clouds}",
  journal = {A\&A},
 keywords = {COSMIC DUST, INTERSTELLAR MATTER, INTERSTELLAR RADIATION, MOLECULAR CLOUDS, GRAPHITE, RADIATION DISTRIBUTION, RADIATIVE TRANSFER, SILICATES, TEMPERATURE PROFILES},
     year = 1983,
    month = nov,
   volume = 128,
    pages = {212-229},
   adsurl = {http://adsabs.harvard.edu/abs/1983A%26A...128..212M},
  adsnote = {Provided by the SAO/NASA Astrophysics Data System}
}
@ARTICLE{2004MNRAS.349..769K,
   author = {{Kong}, X. and {Charlot}, S. and {Brinchmann}, J. and {Fall}, S.~M.
	},
    title = "{Star formation history and dust content of galaxies drawn from ultraviolet surveys}",
  journal = {MNRAS},
   eprint = {arXiv:astro-ph/0312474},
 keywords = {dust, extinction, galaxies: general, ultraviolet: galaxies},
     year = 2004,
    month = apr,
   volume = 349,
    pages = {769-778},
      doi = {10.1111/j.1365-2966.2004.07556.x},
   adsurl = {http://adsabs.harvard.edu/abs/2004MNRAS.349..769K},
  adsnote = {Provided by the SAO/NASA Astrophysics Data System}
}

@ARTICLE{2003MNRAS.343...75H,
   author = {{Hatton}, S. and {Devriendt}, J.~E.~G. and {Ninin}, S. and {Bouchet}, F.~R. and
	{Guiderdoni}, B. and {Vibert}, D.},
    title = "{GALICS- I. A hybrid N-body/semi-analytic model of hierarchical galaxy formation}",
  journal = {MNRAS},
   eprint = {arXiv:astro-ph/0309186},
 keywords = {galaxies: evolution, galaxies: formation},
     year = 2003,
    month = jul,
   volume = 343,
    pages = {75-106},
      doi = {10.1046/j.1365-8711.2003.05589.x},
   adsurl = {http://adsabs.harvard.edu/abs/2003MNRAS.343...75H},
  adsnote = {Provided by the SAO/NASA Astrophysics Data System}
}

@ARTICLE{2009ApJ...697.1493S,
   author = {{Stark}, D.~P. and {Ellis}, R.~S. and {Bunker}, A. and {Bundy}, K. and
	{Targett}, T. and {Benson}, A. and {Lacy}, M.},
    title = "{The Evolutionary History of Lyman Break Galaxies Between Redshift 4 and 6: Observing Successive Generations of Massive Galaxies in Formation}",
  journal = {ApJ},
archivePrefix = "arXiv",
   eprint = {0902.2907},
 keywords = {galaxies: evolution, galaxies: formation, galaxies: high-redshift, galaxies: starburst, surveys, ultraviolet: galaxies },
     year = 2009,
    month = jun,
   volume = 697,
    pages = {1493-1511},
      doi = {10.1088/0004-637X/697/2/1493},
   adsurl = {http://adsabs.harvard.edu/abs/2009ApJ...697.1493S},
  adsnote = {Provided by the SAO/NASA Astrophysics Data System}
}

@ARTICLE{2005MNRAS.359..171I,
   author = {{Inoue}, A.~K.},
    title = "{Attenuation law of normal disc galaxies with clumpy distributions of stars and dust}",
  journal = {MNRAS},
   eprint = {arXiv:astro-ph/0502067},
     year = 2005,
    month = may,
   volume = 359,
    pages = {171-182},
      doi = {10.1111/j.1365-2966.2005.08890.x},
   adsurl = {http://adsabs.harvard.edu/abs/2005MNRAS.359..171I},
  adsnote = {Provided by the SAO/NASA Astrophysics Data System}
}
@ARTICLE{2004ApJ...611...40C,
   author = {{Cazaux}, S. and {Spaans}, M.},
    title = "{Molecular Hydrogen Formation on Dust Grains in the High-Redshift Universe}",
  journal = {ApJ},
   eprint = {arXiv:astro-ph/0404340},
 keywords = {ISM: Dust, Extinction, Galaxies: Evolution, Galaxies: High-Redshift, ISM: Molecules},
     year = 2004,
    month = aug,
   volume = 611,
    pages = {40-51},
      doi = {10.1086/422087},
   adsurl = {http://adsabs.harvard.edu/abs/2004ApJ...611...40C},
  adsnote = {Provided by the SAO/NASA Astrophysics Data System}
}

@ARTICLE{2000ApJ...533..682C,
   author = {{Calzetti}, D. and {Armus}, L. and {Bohlin}, R.~C. and {Kinney}, A.~L. and
	{Koornneef}, J. and {Storchi-Bergmann}, T.},
    title = "{The Dust Content and Opacity of Actively Star-forming Galaxies}",
  journal = {ApJ},
   eprint = {arXiv:astro-ph/9911459},
 keywords = {GALAXIES: STARBURST, INFRARED: GALAXIES, INFRARED: ISM: CONTINUUM, ISM: DUST, EXTINCTION},
     year = 2000,
    month = apr,
   volume = 533,
    pages = {682-695},
      doi = {10.1086/308692},
   adsurl = {http://adsabs.harvard.edu/abs/2000ApJ...533..682C},
  adsnote = {Provided by the SAO/NASA Astrophysics Data System}
}

@ARTICLE{1998MNRAS.300..872M,
   author = {{Maraston}, C.},
    title = "{Evolutionary synthesis of stellar populations: a modular tool}",
  journal = {MNRAS},
   eprint = {arXiv:astro-ph/9807338},
 keywords = {STARS: AGB AND POST-AGB, GALAXIES: EVOLUTION, MAGELLANIC CLOUDS, GALAXIES: STAR CLUSTERS, GALAXIES: STELLAR CONTENT},
     year = 1998,
    month = nov,
   volume = 300,
    pages = {872-892},
      doi = {10.1046/j.1365-8711.1998.01947.x},
   adsurl = {http://adsabs.harvard.edu/abs/1998MNRAS.300..872M},
  adsnote = {Provided by the SAO/NASA Astrophysics Data System}
}

@ARTICLE{1999A&A...350..381D,
   author = {{Devriendt}, J.~E.~G. and {Guiderdoni}, B. and {Sadat}, R.},
    title = "{Galaxy modelling. I. Spectral energy distributions from far-UV to sub-mm wavelengths}",
  journal = {A\&A},
   eprint = {arXiv:astro-ph/9906332},
 keywords = {GALAXIES: EVOLUTION, GALAXIES: GENERAL},
     year = 1999,
    month = oct,
   volume = 350,
    pages = {381-398},
   adsurl = {http://adsabs.harvard.edu/abs/1999A%26A...350..381D},
  adsnote = {Provided by the SAO/NASA Astrophysics Data System}
}

@ARTICLE{2003MNRAS.344.1000B,
   author = {{Bruzual}, G. and {Charlot}, S.},
    title = "{Stellar population synthesis at the resolution of 2003}",
  journal = {MNRAS},
   eprint = {arXiv:astro-ph/0309134},
     year = 2003,
    month = oct,
   volume = 344,
    pages = {1000-1028},
      doi = {10.1046/j.1365-8711.2003.06897.x},
   adsurl = {http://adsabs.harvard.edu/abs/2003MNRAS.344.1000B},
  adsnote = {Provided by the SAO/NASA Astrophysics Data System}
}

@ARTICLE{2009ApJ...693..507Y,
   author = {{Yabe}, K. and {Ohta}, K. and {Iwata}, I. and {Sawicki}, M. and
	{Tamura}, N. and {Akiyama}, M. and {Aoki}, K.},
    title = "{The Stellar Populations of Lyman Break Galaxies at z \~{} 5}",
  journal = {ApJ},
archivePrefix = "arXiv",
   eprint = {0811.2041},
 keywords = {galaxies: evolution, galaxies: high-redshift, galaxies: luminosity function, mass function, galaxies: stellar content },
     year = 2009,
    month = mar,
   volume = 693,
    pages = {507-533},
      doi = {10.1088/0004-637X/693/1/507},
   adsurl = {http://adsabs.harvard.edu/abs/2009ApJ...693..507Y},
  adsnote = {Provided by the SAO/NASA Astrophysics Data System}
}

@ARTICLE{2003MNRAS.342..439S,
   author = {{Stanway}, E.~R. and {Bunker}, A.~J. and {McMahon}, R.~G.},
    title = "{Lyman break galaxies and the star formation rate of the Universe at z\~{} 6}",
  journal = {MNRAS},
   eprint = {arXiv:astro-ph/0302212},
 keywords = {surveys, galaxies: evolution, galaxies: formation, galaxies: high-redshift, galaxies: starburst, ultraviolet: galaxies},
     year = 2003,
    month = jun,
   volume = 342,
    pages = {439-445},
      doi = {10.1046/j.1365-8711.2003.06546.x},
   adsurl = {http://adsabs.harvard.edu/abs/2003MNRAS.342..439S},
  adsnote = {Provided by the SAO/NASA Astrophysics Data System}
}

@ARTICLE{1996AJ....112..352S,
   author = {{Steidel}, C.~C. and {Giavalisco}, M. and {Dickinson}, M. and
	{Adelberger}, K.~L.},
    title = "{Spectroscopy of Lyman Break Galaxies in the Hubble Deep Field}",
  journal = {AJ},
   eprint = {arXiv:astro-ph/9604140},
 keywords = {GALAXIES: FUNDAMENTAL PARAMETERS, GALAXIES: DISTANCES AND REDSHIFTS},
     year = 1996,
    month = aug,
   volume = 112,
    pages = {352-+},
      doi = {10.1086/118019},
   adsurl = {http://adsabs.harvard.edu/abs/1996AJ....112..352S},
  adsnote = {Provided by the SAO/NASA Astrophysics Data System}
}

@ARTICLE{bouwens08,
   author = {{Bouwens}, R.~J. and {Illingworth}, G.~D. and {Franx}, M. and
	{Ford}, H.},
    title = "{z \~{} 7-10 Galaxies in the HUDF and GOODS Fields: UV Luminosity Functions}",
  journal = {ApJ},
archivePrefix = "arXiv",
   eprint = {0803.0548},
 keywords = {Galaxies: Evolution, Galaxies: High-Redshift},
     year = 2008,
    month = oct,
   volume = 686,
    pages = {230-250},
      doi = {10.1086/590103},
   adsurl = {http://adsabs.harvard.edu/abs/2008ApJ...686..230B},
  adsnote = {Provided by the SAO/NASA Astrophysics Data System}
}

@ARTICLE{iwata07,
   author = {{Iwata}, I. and {Ohta}, K. and {Tamura}, N. and {Akiyama}, M. and
	{Aoki}, K. and {Ando}, M. and {Kiuchi}, G. and {Sawicki}, M.
	},
    title = "{Differential evolution of the UV luminosity function of Lyman break galaxies from z \~{} 5 to 3}",
  journal = {MNRAS},
   eprint = {arXiv:astro-ph/0701841},
 keywords = {galaxies: evolution, galaxies: formation, galaxies: high-redshift, galaxies: luminosity function, cosmology: observations},
     year = 2007,
    month = apr,
   volume = 376,
    pages = {1557-1576},
      doi = {10.1111/j.1365-2966.2007.11557.x},
   adsurl = {http://adsabs.harvard.edu/abs/2007MNRAS.376.1557I},
  adsnote = {Provided by the SAO/NASA Astrophysics Data System}
}

@ARTICLE{Hayashi06,
   author = {{Hayashi}, E. and {White}, S.~D.~M.},
    title = "{How rare is the bullet cluster?}",
  journal = {MNRAS},
   eprint = {arXiv:astro-ph/0604443},
 keywords = {galaxies: clusters: individual: 1E 0657-56: galaxies: formation: dark matter},
     year = 2006,
    month = jul,
   volume = 370,
    pages = {L38-L41},
      doi = {10.1111/j.1745-3933.2006.00184.x},
   adsurl = {http://adsabs.harvard.edu/abs/2006MNRAS.370L..38H},
  adsnote = {Provided by the SAO/NASA Astrophysics Data System}
}



@ARTICLE{1996Natur.382..281H,
   author = {{Hu}, E. and {McMahon}, R.~G.},
    title = "{Detection of Lyman{$\alpha$} emitting galaxies at redshift z = 4.55}",
  journal = {Nature},
     year = 1996,
    month = jul,
   volume = 382,
    pages = {281-+},
   adsurl = {http://adsabs.harvard.edu/abs/1996Natur.382..281H},
  adsnote = {Provided by the SAO/NASA Astrophysics Data System}
}

@ARTICLE{2002ApJ...568L..75H,
   author = {{Hu}, E.~M. and {Cowie}, L.~L. and {McMahon}, R.~G. and {Capak}, P. and
	{Iwamuro}, F. and {Kneib}, {J.-P.} and {Maihara}, T. and {Motohara}, K.
	},
    title = "{A Redshift z=6.56 Galaxy behind the Cluster Abell 370}",
  journal = {ApJl},
   eprint = {arXiv:astro-ph/0203091},
 keywords = {Cosmology: Observations, Cosmology: Early Universe, Galaxies: Distances and Redshifts, Galaxies: Evolution, Galaxies: Formation},
     year = 2002,
    month = apr,
   volume = 568,
    pages = {L75-L79},
      doi = {10.1086/340424},
   adsurl = {http://adsabs.harvard.edu/abs/2002ApJ...568L..75H},
  adsnote = {Provided by the SAO/NASA Astrophysics Data System}
}

@INPROCEEDINGS{2005pgqa.conf..363H,
   author = {{Hu}, E.~M. and {Cowie}, L.~L. and {Capak}, P. and {Kakazu}, Y.
	},
    title = "{Spectroscopic studies of $z \tilde 5.7$ and $z \tilde 6.5$ galaxies: implications for reionisation}",
booktitle = {IAU Colloq. 199: Probing Galaxies through Quasar Absorption Lines},
     year = 2005,
   eprint = {arXiv:astro-ph/0509616},
   editor = "{P.~Williams, C.-G.~Shu, \& B.~Menard}",
    month = mar,
    pages = {363-368},
      doi = {10.1017/S1743921305002826},
   adsurl = {http://adsabs.harvard.edu/abs/2005pgqa.conf..363H},
  adsnote = {Provided by the SAO/NASA Astrophysics Data System}
}

@ARTICLE{2004AJ....127..563H,
   author = {{Hu}, E.~M. and {Cowie}, L.~L. and {Capak}, P. and {McMahon}, R.~G. and
	{Hayashino}, T. and {Komiyama}, Y.},
    title = "{The Luminosity Function of Ly{$\alpha$} Emitters at Redshift z\~{}5.7}",
  journal = {AJ},
   eprint = {arXiv:astro-ph/0311528},
 keywords = {Cosmology: Observations, Cosmology: Early Universe, Galaxies: Distances and Redshifts, Galaxies: Evolution, Galaxies: Formation},
     year = 2004,
    month = feb,
   volume = 127,
    pages = {563-575},
      doi = {10.1086/381302},
   adsurl = {http://adsabs.harvard.edu/abs/2004AJ....127..563H},
  adsnote = {Provided by the SAO/NASA Astrophysics Data System}
}

@ARTICLE{1998ApJ...502L..99H,
   author = {{Hu}, E.~M. and {Cowie}, L.~L. and {McMahon}, R.~G.},
    title = "{The Density of Ly alpha Emitters at Very High Redshift}",
  journal = {ApJl},
   eprint = {arXiv:astro-ph/9803011},
 keywords = {COSMOLOGY: OBSERVATIONS, COSMOLOGY: EARLY UNIVERSE, GALAXIES: EVOLUTION, GALAXIES: FORMATION},
     year = 1998,
    month = aug,
   volume = 502,
    pages = {L99+},
      doi = {10.1086/311506},
   adsurl = {http://adsabs.harvard.edu/abs/1998ApJ...502L..99H},
  adsnote = {Provided by the SAO/NASA Astrophysics Data System}
}

@ARTICLE{1999ApJ...522L...9H,
   author = {{Hu}, E.~M. and {McMahon}, R.~G. and {Cowie}, L.~L.},
    title = "{An Extremely Luminous Galaxy at Z = 5.74}",
  journal = {ApJl},
   eprint = {arXiv:astro-ph/9907079},
 keywords = {COSMOLOGY: OBSERVATIONS, COSMOLOGY: EARLY UNIVERSE, GALAXIES: EVOLUTION, GALAXIES: FORMATION},
     year = 1999,
    month = sep,
   volume = 522,
    pages = {L9-L12},
      doi = {10.1086/312205},
   adsurl = {http://adsabs.harvard.edu/abs/1999ApJ...522L...9H},
  adsnote = {Provided by the SAO/NASA Astrophysics Data System}
}

@ARTICLE{2009MNRAS.399...37J,
   author = {{Johnson}, J.~L. and {Greif}, T.~H. and {Bromm}, V. and {Klessen}, R.~S. and
	{Ippolito}, J.},
    title = "{The first galaxies: signatures of the initial starburst}",
  journal = {MNRAS},
archivePrefix = "arXiv",
   eprint = {0902.3263},
 primaryClass = "astro-ph.CO",
 keywords = {HII regions , galaxies: formation , cosmology: theory , early Universe , ultraviolet: galaxies},
     year = 2009,
    month = oct,
   volume = 399,
    pages = {37-47},
      doi = {10.1111/j.1365-2966.2009.15158.x},
   adsurl = {http://adsabs.harvard.edu/abs/2009MNRAS.399...37J},
  adsnote = {Provided by the SAO/NASA Astrophysics Data System}
}

@ARTICLE{2011ApJ...731...54P,
   author = {{Pawlik}, A.~H. and {Milosavljevi{\'c}}, M. and {Bromm}, V.},
    title = "{The First Galaxies: Assembly of Disks and Prospects for Direct Detection}",
  journal = {ApJ},
archivePrefix = "arXiv",
   eprint = {1011.0438},
 primaryClass = "astro-ph.CO",
 keywords = {cosmology: observations, galaxies: formation, galaxies: high-redshift, hydrodynamics, intergalactic medium, stars: formation},
     year = 2011,
    month = apr,
   volume = 731,
      eid = {54},
    pages = {54},
      doi = {10.1088/0004-637X/731/1/54},
   adsurl = {http://adsabs.harvard.edu/abs/2011ApJ...731...54P},
  adsnote = {Provided by the SAO/NASA Astrophysics Data System}
}

@ARTICLE{Z12,
   author = {{Zackrisson}, E. and {Zitrin}, A. and {Trenti}, M. and {Rydberg}, C.-E. and
	{Guaita}, L. and {Schaerer}, D. and {Broadhurst}, T. and {Ostlin}, G. and
	{Strom}, T.},
    title = "{Detecting gravitationally lensed population III galaxies with HST and JWST}",
  journal = {ArXiv e-prints},
archivePrefix = "arXiv",
   eprint = {1204.0517},
 primaryClass = "astro-ph.CO",
 keywords = {Astrophysics - Cosmology and Extragalactic Astrophysics},
     year = 2012,
    month = apr,
   adsurl = {http://adsabs.harvard.edu/abs/2012arXiv1204.0517Z},
  adsnote = {Provided by the SAO/NASA Astrophysics Data System}
}

@ARTICLE{Pritchard10,
   author = {{Pritchard}, J.~R. and {Loeb}, A. and {Wyithe}, J.~S.~B.},
    title = "{Constraining reionization using 21-cm observations in combination with CMB and Ly{$\alpha$} forest data}",
  journal = {MNRAS},
archivePrefix = "arXiv",
   eprint = {0908.3891},
 primaryClass = "astro-ph.CO",
 keywords = {galaxies: high-redshift, intergalactic medium, cosmology: theory, diffuse radiation},
     year = 2010,
    month = oct,
   volume = 408,
    pages = {57-70},
      doi = {10.1111/j.1365-2966.2010.17150.x},
   adsurl = {http://adsabs.harvard.edu/abs/2010MNRAS.408...57P},
  adsnote = {Provided by the SAO/NASA Astrophysics Data System}
}

@ARTICLE{Mesinger10,
   author = {{Mesinger}, A.},
    title = "{Was reionization complete by z \~{} 5-6?}",
  journal = {MNRAS},
archivePrefix = "arXiv",
   eprint = {0910.4161},
 primaryClass = "astro-ph.CO",
 keywords = {galaxies: formation, galaxies: high-redshift, cosmology: theory, dark ages, reionization, first stars, diffuse radiation, early Universe},
     year = 2010,
    month = sep,
   volume = 407,
    pages = {1328-1337},
      doi = {10.1111/j.1365-2966.2010.16995.x},
   adsurl = {http://adsabs.harvard.edu/abs/2010MNRAS.407.1328M},
  adsnote = {Provided by the SAO/NASA Astrophysics Data System}
}

@ARTICLE{Robertson10,
   author = {{Robertson}, B.~E. and {Ellis}, R.~S. and {Dunlop}, J.~S. and
	{McLure}, R.~J. and {Stark}, D.~P.},
    title = "{Early star-forming galaxies and the reionization of the Universe}",
  journal = {Nature},
archivePrefix = "arXiv",
   eprint = {1011.0727},
 primaryClass = "astro-ph.CO",
     year = 2010,
    month = nov,
   volume = 468,
    pages = {49-55},
      doi = {10.1038/nature09527},
   adsurl = {http://adsabs.harvard.edu/abs/2010Natur.468...49R},
  adsnote = {Provided by the SAO/NASA Astrophysics Data System}
}

@ARTICLE{Steidel96,
   author = {{Steidel}, C.~C. and {Giavalisco}, M. and {Pettini}, M. and
	{Dickinson}, M. and {Adelberger}, K.~L.},
    title = "{Spectroscopic Confirmation of a Population of Normal Star-forming Galaxies at Redshifts Z {$\gt$} 3}",
  journal = {ApJl},
   eprint = {arXiv:astro-ph/9602024},
 keywords = {COSMOLOGY: OBSERVATIONS, GALAXIES: FORMATION, GALAXIES: EVOLUTION, GALAXIES: DISTANCES AND REDSHIFTS},
     year = 1996,
    month = may,
   volume = 462,
    pages = {L17},
      doi = {10.1086/310029},
   adsurl = {http://adsabs.harvard.edu/abs/1996ApJ...462L..17S},
  adsnote = {Provided by the SAO/NASA Astrophysics Data System}
}

@ARTICLE{Rhoads00,
   author = {{Rhoads}, J.~E. and {Malhotra}, S. and {Dey}, A. and {Stern}, D. and
	{Spinrad}, H. and {Jannuzi}, B.~T.},
    title = "{First Results from the Large-Area Lyman Alpha Survey}",
  journal = {ApJl},
   eprint = {arXiv:astro-ph/0003465},
 keywords = {Galaxies: General},
     year = 2000,
    month = dec,
   volume = 545,
    pages = {L85-L88},
      doi = {10.1086/317874},
   adsurl = {http://adsabs.harvard.edu/abs/2000ApJ...545L..85R},
  adsnote = {Provided by the SAO/NASA Astrophysics Data System}
}

@ARTICLE{Shimizu11,
   author = {{Shimizu}, I. and {Yoshida}, N. and {Okamoto}, T.},
    title = "{Lyman {$\alpha$} emitters in cosmological simulations - I. Lyman {$\alpha$} escape fraction and statistical properties at z= 3.1}",
  journal = {MNRAS},
archivePrefix = "arXiv",
   eprint = {1102.1509},
 primaryClass = "astro-ph.CO",
 keywords = {galaxies: evolution, galaxies: formation, galaxies: high redshift, galaxies: Ly{$\alpha$} emitters, large-scale structure of Universe},
     year = 2011,
    month = dec,
   volume = 418,
    pages = {2273-2282},
      doi = {10.1111/j.1365-2966.2011.19549.x},
   adsurl = {http://adsabs.harvard.edu/abs/2011MNRAS.418.2273S},
  adsnote = {Provided by the SAO/NASA Astrophysics Data System}
}

@ARTICLE{Ouchi08,
   author = {{Ouchi}, M. and {Shimasaku}, K. and {Akiyama}, M. and {Simpson}, C. and
	{Saito}, T. and {Ueda}, Y. and {Furusawa}, H. and {Sekiguchi}, K. and
	{Yamada}, T. and {Kodama}, T. and {Kashikawa}, N. and {Okamura}, S. and
	{Iye}, M. and {Takata}, T. and {Yoshida}, M. and {Yoshida}, M.
	},
    title = "{The Subaru/XMM-Newton Deep Survey (SXDS). IV. Evolution of Ly{$\alpha$} Emitters from z=3.1 to 5.7 in the 1 deg$^{2}$ Field: Luminosity Functions and AGN}",
  journal = {ApJs},
archivePrefix = "arXiv",
   eprint = {0707.3161},
 keywords = {Cosmology: Observations, Galaxies: Formation, Galaxies: High-Redshift},
     year = 2008,
    month = jun,
   volume = 176,
    pages = {301-330},
      doi = {10.1086/527673},
   adsurl = {http://adsabs.harvard.edu/abs/2008ApJS..176..301O},
  adsnote = {Provided by the SAO/NASA Astrophysics Data System}
}

@ARTICLE{Raiter10,
   author = {{Raiter}, A. and {Schaerer}, D. and {Fosbury}, R.~A.~E.},
    title = "{Predicted UV properties of very metal-poor starburst galaxies}",
  journal = {A\&A},
archivePrefix = "arXiv",
   eprint = {1008.2114},
 primaryClass = "astro-ph.CO",
 keywords = {galaxies: high-redshift, galaxies: evolution, galaxies: starburst, early Universe},
     year = 2010,
    month = nov,
   volume = 523,
      eid = {A64},
    pages = {A64},
      doi = {10.1051/0004-6361/201015236},
   adsurl = {http://adsabs.harvard.edu/abs/2010A%26A...523A..64R},
  adsnote = {Provided by the SAO/NASA Astrophysics Data System}
}

@ARTICLE{Kennicutt98,
   author = {{Kennicutt}, Jr., R.~C.},
    title = "{Star Formation in Galaxies Along the Hubble Sequence}",
  journal = {ARA\&A},
   eprint = {arXiv:astro-ph/9807187},
     year = 1998,
   volume = 36,
    pages = {189-232},
      doi = {10.1146/annurev.astro.36.1.189},
   adsurl = {http://adsabs.harvard.edu/abs/1998ARA%26A..36..189K},
  adsnote = {Provided by the SAO/NASA Astrophysics Data System}
}



@ARTICLE{Stark11a,
   author = {{Stark}, D.~P. and {Ellis}, R.~S. and {Chiu}, K. and {Ouchi}, M. and
	{Bunker}, A.},
    title = "{Keck spectroscopy of faint 3 {$\lt$} z {$\lt$} 7 Lyman break galaxies - I. New constraints on cosmic reionization from the luminosity and redshift-dependent fraction of Lyman {$\alpha$} emission}",
  journal = {MNRAS},
archivePrefix = "arXiv",
   eprint = {1003.5244},
 primaryClass = "astro-ph.CO",
 keywords = {galaxies: evolution, galaxies: formation, galaxies: high-redshift, cosmology: observations},
     year = 2010,
    month = nov,
   volume = 408,
    pages = {1628-1648},
      doi = {10.1111/j.1365-2966.2010.17227.x},
   adsurl = {http://adsabs.harvard.edu/abs/2010MNRAS.408.1628S},
  adsnote = {Provided by the SAO/NASA Astrophysics Data System}
}

@ARTICLE{Stark11b,
   author = {{Stark}, D.~P. and {Ellis}, R.~S. and {Ouchi}, M.},
    title = "{Keck Spectroscopy of Faint 3{$\gt$}z{$\gt$}7 Lyman Break Galaxies: A High Fraction of Line Emitters at Redshift Six}",
  journal = {ApJl},
archivePrefix = "arXiv",
   eprint = {1009.5471},
 primaryClass = "astro-ph.CO",
 keywords = {galaxies: evolution, galaxies: formation, galaxies: high-redshift, galaxies: starburst},
     year = 2011,
    month = feb,
   volume = 728,
      eid = {L2},
    pages = {L2},
      doi = {10.1088/2041-8205/728/1/L2},
   adsurl = {http://adsabs.harvard.edu/abs/2011ApJ...728L...2S},
  adsnote = {Provided by the SAO/NASA Astrophysics Data System}
}

@ARTICLE{Ono12,
   author = {{Ono}, Y. and {Ouchi}, M. and {Mobasher}, B. and {Dickinson}, M. and
	{Penner}, K. and {Shimasaku}, K. and {Weiner}, B.~J. and {Kartaltepe}, J.~S. and
	{Nakajima}, K. and {Nayyeri}, H. and {Stern}, D. and {Kashikawa}, N. and
	{Spinrad}, H.},
    title = "{Spectroscopic Confirmation of Three z-dropout Galaxies at z = 6.844-7.213: Demographics of Ly{$\alpha$} Emission in z \~{} 7 Galaxies}",
  journal = {ApJ},
archivePrefix = "arXiv",
   eprint = {1107.3159},
 primaryClass = "astro-ph.CO",
 keywords = {cosmology: observations, galaxies: evolution, galaxies: formation, galaxies: high-redshift},
     year = 2012,
    month = jan,
   volume = 744,
      eid = {83},
    pages = {83},
      doi = {10.1088/0004-637X/744/2/83},
   adsurl = {http://adsabs.harvard.edu/abs/2012ApJ...744...83O},
  adsnote = {Provided by the SAO/NASA Astrophysics Data System}
}

@ARTICLE{Pentericci11,
   author = {{Pentericci}, L. and {Fontana}, A. and {Vanzella}, E. and {Castellano}, M. and
	{Grazian}, A. and {Dijkstra}, M. and {Boutsia}, K. and {Cristiani}, S. and
	{Dickinson}, M. and {Giallongo}, E. and {Giavalisco}, M. and
	{Maiolino}, R. and {Moorwood}, A. and {Paris}, D. and {Santini}, P.
	},
    title = "{Spectroscopic Confirmation of z \~{} 7 Lyman Break Galaxies: Probing the Earliest Galaxies and the Epoch of Reionization}",
  journal = {ApJ},
archivePrefix = "arXiv",
   eprint = {1107.1376},
 primaryClass = "astro-ph.CO",
 keywords = {galaxies: distances and redshifts, galaxies: formation},
     year = 2011,
    month = dec,
   volume = 743,
      eid = {132},
    pages = {132},
      doi = {10.1088/0004-637X/743/2/132},
   adsurl = {http://adsabs.harvard.edu/abs/2011ApJ...743..132P},
  adsnote = {Provided by the SAO/NASA Astrophysics Data System}
}

@ARTICLE{Schenker12,
   author = {{Schenker}, M.~A. and {Stark}, D.~P. and {Ellis}, R.~S. and
	{Robertson}, B.~E. and {Dunlop}, J.~S. and {McLure}, R.~J. and
	{Kneib}, J.-P. and {Richard}, J.},
    title = "{Keck Spectroscopy of Faint 3 {$\lt$} z {$\lt$} 8 Lyman Break Galaxies: Evidence for a Declining Fraction of Emission Line Sources in the Redshift Range 6 {$\lt$} z {$\lt$} 8}",
  journal = {ApJ},
archivePrefix = "arXiv",
   eprint = {1107.1261},
 primaryClass = "astro-ph.CO",
 keywords = {galaxies: evolution, galaxies: formation, galaxies: high-redshift, galaxies: starburst },
     year = 2012,
    month = jan,
   volume = 744,
      eid = {179},
    pages = {179},
      doi = {10.1088/0004-637X/744/2/179},
   adsurl = {http://adsabs.harvard.edu/abs/2012ApJ...744..179S},
  adsnote = {Provided by the SAO/NASA Astrophysics Data System}
}

@ARTICLE{CLARA,
   author = {{Forero-Romero}, J.~E. and {Yepes}, G. and {Gottl{\"o}ber}, S. and
	{Knollmann}, S.~R. and {Cuesta}, A.~J. and {Prada}, F.},
    title = "{CLARA's view on the escape fraction of Lyman {$\alpha$} photons in high-redshift galaxies}",
  journal = {MNRAS},
archivePrefix = "arXiv",
   eprint = {1104.5586},
 primaryClass = "astro-ph.CO",
 keywords = {galaxies: evolution, galaxies: formation, galaxies: high-redshift},
     year = 2011,
    month = aug,
   volume = 415,
    pages = {3666-3680},
      doi = {10.1111/j.1365-2966.2011.18983.x},
   adsurl = {http://adsabs.harvard.edu/abs/2011MNRAS.415.3666F},
  adsnote = {Provided by the SAO/NASA Astrophysics Data System}
}


@ARTICLE{Forero12,
   author = {{Forero-Romero}, J.~E. and {Yepes}, G. and {Gottl{\"o}ber}, S. and
	{Prada}, F.},
    title = "{Modelling the fraction of Lyman break galaxies with strong Lyman {$\alpha$} emission at 5 $\le$ z $\le$ 7.}",
  journal = {MNRAS},
archivePrefix = "arXiv",
   eprint = {1109.0228},
 primaryClass = "astro-ph.CO",
 keywords = {galaxies: evolution, galaxies: high-redshift},
     year = 2012,
    month = jan,
   volume = 419,
    pages = {952-958},
      doi = {10.1111/j.1365-2966.2011.19744.x},
   adsurl = {http://adsabs.harvard.edu/abs/2012MNRAS.419..952F},
  adsnote = {Provided by the SAO/NASA Astrophysics Data System}
}

@ARTICLE{Dijkstra11,
   author = {{Dijkstra}, M. and {Mesinger}, A. and {Wyithe}, J.~S.~B.},
    title = "{The detectability of Ly{$\alpha$} emission from galaxies during the epoch of reionization}",
  journal = {MNRAS},
archivePrefix = "arXiv",
   eprint = {1101.5160},
 primaryClass = "astro-ph.CO",
 keywords = {radiative transfer, galaxies: high-redshift, galaxies: stellar content, dark ages, reionization, first stars, early Universe, large-scale structure of Universe},
     year = 2011,
    month = jul,
   volume = 414,
    pages = {2139-2147},
      doi = {10.1111/j.1365-2966.2011.18530.x},
   adsurl = {http://adsabs.harvard.edu/abs/2011MNRAS.414.2139D},
  adsnote = {Provided by the SAO/NASA Astrophysics Data System}
}

@ARTICLE{Barkana01,
   author = {{Barkana}, R. and {Loeb}, A.},
    title = "{In the beginning: the first sources of light and the reionization of the universe}",
  journal = {Physics Reports},
   eprint = {arXiv:astro-ph/0010468},
     year = 2001,
    month = jul,
   volume = 349,
    pages = {125-238},
      doi = {10.1016/S0370-1573(01)00019-9},
   adsurl = {http://adsabs.harvard.edu/abs/2001PhR...349..125B},
  adsnote = {Provided by the SAO/NASA Astrophysics Data System}
}


@ARTICLE{DW12,
   author = {{Dijkstra}, M. and {Wyithe}, J.~S.~B.},
    title = "{An empirical study of the relationship between Ly{$\alpha$} and UV-selected galaxies: do theorists and observers 'select' the same objects?}",
  journal = {MNRAS},
archivePrefix = "arXiv",
   eprint = {1108.3840},
 primaryClass = "astro-ph.CO",
 keywords = {line: formation, radiative transfer, scattering, galaxies: high-redshift, galaxies: luminosity function, mass function},
     year = 2012,
    month = feb,
   volume = 419,
    pages = {3181-3193},
      doi = {10.1111/j.1365-2966.2011.19958.x},
   adsurl = {http://adsabs.harvard.edu/abs/2012MNRAS.419.3181D},
  adsnote = {Provided by the SAO/NASA Astrophysics Data System}
}

@ARTICLE{westra,
   author = {{Dijkstra}, M. and {Westra}, E.},
    title = "{Star formation indicators and line equivalent width in Ly{$\alpha$} galaxies}",
  journal = {MNRAS},
archivePrefix = "arXiv",
   eprint = {0911.1357},
 primaryClass = "astro-ph.CO",
 keywords = {galaxies: high redshift},
     year = 2010,
    month = feb,
   volume = 401,
    pages = {2343-2348},
      doi = {10.1111/j.1365-2966.2009.15859.x},
   adsurl = {http://adsabs.harvard.edu/abs/2010MNRAS.401.2343D},
  adsnote = {Provided by the SAO/NASA Astrophysics Data System}
}

@ARTICLE{Fink,
   author = {{Finkelstein}, S.~L. and {Papovich}, C. and {Salmon}, B. and
	{Finlator}, K. and {Dickinson}, M. and {Ferguson}, H.~C. and
	{Giavalisco}, M. and {Koekemoer}, A.~M. and {Reddy}, N.~A. and
	{Bassett}, R. and {Conselice}, C.~J. and {Dunlop}, J.~S. et al.},
    title = "{CANDELS: The Evolution of Galaxy Rest-Frame Ultraviolet Colors from z = 8 to 4}",
  journal = {ArXiv e-prints},
archivePrefix = "arXiv",
   eprint = {1110.3785},
 primaryClass = "astro-ph.CO",
 keywords = {Astrophysics - Cosmology and Extragalactic Astrophysics},
     year = 2011,
    month = oct,
   adsurl = {http://adsabs.harvard.edu/abs/2011arXiv1110.3785F},
  adsnote = {Provided by the SAO/NASA Astrophysics Data System}
}

@ARTICLE{Dunlop12,
   author = {{Dunlop}, J.~S. and {McLure}, R.~J. and {Robertson}, B.~E. and
	{Ellis}, R.~S. and {Stark}, D.~P. and {Cirasuolo}, M. and {de Ravel}, L.
	},
    title = "{A critical analysis of the ultraviolet continuum slopes ($\beta$) of high-redshift galaxies: no evidence (yet) for extreme stellar populations at z {$\gt$} 6}",
  journal = {MNRAS},
archivePrefix = "arXiv",
   eprint = {1102.5005},
 primaryClass = "astro-ph.CO",
 keywords = {galaxies: evolution, galaxies: formation, galaxies: high-redshift, galaxies: starburst, dark ages, reionization, first stars},
     year = 2012,
    month = feb,
   volume = 420,
    pages = {901-912},
      doi = {10.1111/j.1365-2966.2011.20102.x},
   adsurl = {http://adsabs.harvard.edu/abs/2012MNRAS.420..901D},
  adsnote = {Provided by the SAO/NASA Astrophysics Data System}
}

@ARTICLE{review,
   author = {{Dijkstra}, M.},
    title = "{Lyman Alpha Emitting Galaxies as a Probe of Reionization}",
  journal = {ArXiv e-prints, arXiv:1406.7292},
archivePrefix = "arXiv",
   eprint = {1406.7292},
 keywords = {Astrophysics - Cosmology and Nongalactic Astrophysics, Astrophysics - Astrophysics of Galaxies},
     year = 2014,
    month = jun,
   adsurl = {http://adsabs.harvard.edu/abs/2014arXiv1406.7292D},
  adsnote = {Provided by the SAO/NASA Astrophysics Data System}
}

@ARTICLE{Schenker2012,
   author = {{Schenker}, M.~A. and {Stark}, D.~P. and {Ellis}, R.~S. and {Robertson}, B.~E. and {Dunlop}, J.~S. and {McLure}, R.~J. and	{Kneib}, J.-P. and {Richard}, J.},
    title = "{Keck Spectroscopy of Faint 3 {$\lt$} z {$\lt$} 8 Lyman Break Galaxies: Evidence for a Declining Fraction of Emission Line Sources in the Redshift Range 6 {$\lt$} z {$\lt$} 8}",
  journal = {ApJ},
archivePrefix = "arXiv",
   eprint = {1107.1261},
 primaryClass = "astro-ph.CO",
 keywords = {galaxies: evolution, galaxies: formation, galaxies: high-redshift, galaxies: starburst},
     year = 2012,
    month = jan,
   volume = 744,
      eid = {179},
    pages = {179},
      doi = {10.1088/0004-637X/744/2/179},
   adsurl = {http://adsabs.harvard.edu/abs/2012ApJ...744..179S},
  adsnote = {Provided by the SAO/NASA Astrophysics Data System}
}

@ARTICLE{Herenz2016,
	author = {{Herenz}, E.~C. and {Gruyters}, P. and {Orlitova}, I. and {Hayes}, M. and 
	{{\"O}stlin}, G. and {Cannon}, J.~M. and {Roth}, M.~M. and {Bik}, A. and 
	{Pardy}, S. and {Ot{\'{\i}}-Floranes}, H. and {Mas-Hesse}, J.~M. and 
	{Adamo}, A. and {Atek}, H. and {Duval}, F. and {Guaita}, L. and 
	{Kunth}, D. and {Laursen}, P. and {Melinder}, J. and {Puschnig}, J. and 
	{Rivera-Thorsen}, T.~E. and {Schaerer}, D. and {Verhamme}, A.
	},
	title = "{The Lyman alpha reference sample. VII. Spatially resolved H{$\alpha$} kinematics}",
	journal = {\aap},
	archivePrefix = "arXiv",
	eprint = {1511.05406},
	keywords = {galaxies: ISM, galaxies: starburst, cosmology: observations, ultraviolet: galaxies, radiative transfer},
	year = 2016,
	month = mar,
	volume = 587,
	eid = {A78},
	pages = {A78},
	doi = {10.1051/0004-6361/201527373},
	adsurl = {http://adsabs.harvard.edu/abs/2016A%26A...587A..78H},
	adsnote = {Provided by the SAO/NASA Astrophysics Data System}
}